%YAML 1.1
%TAG !u! tag:unity3d.com,2011:
--- !u!1 &1044914219725922
GameObject:
  m_ObjectHideFlags: 0
  m_CorrespondingSourceObject: {fileID: 0}
  m_PrefabInstance: {fileID: 0}
  m_PrefabAsset: {fileID: 0}
  serializedVersion: 6
  m_Component:
  - component: {fileID: 4089023551466244}
  - component: {fileID: 33339434958753468}
  - component: {fileID: 23285600228911548}
  - component: {fileID: 114334366436391646}
  - component: {fileID: 114684035884525062}
  m_Layer: 0
  m_Name: DarkVinex32
  m_TagString: Untagged
  m_Icon: {fileID: 0}
  m_NavMeshLayer: 0
  m_StaticEditorFlags: 0
  m_IsActive: 1
--- !u!4 &4089023551466244
Transform:
  m_ObjectHideFlags: 0
  m_CorrespondingSourceObject: {fileID: 0}
  m_PrefabInstance: {fileID: 0}
  m_PrefabAsset: {fileID: 0}
  m_GameObject: {fileID: 1044914219725922}
  m_LocalRotation: {x: -0, y: -0, z: -0, w: 1}
  m_LocalPosition: {x: 0, y: 0, z: 0}
  m_LocalScale: {x: 1, y: 1, z: 1}
  m_Children: []
  m_Father: {fileID: 4637370121654004}
  m_RootOrder: 1
  m_LocalEulerAnglesHint: {x: 0, y: 0, z: 0}
--- !u!33 &33339434958753468
MeshFilter:
  m_ObjectHideFlags: 0
  m_CorrespondingSourceObject: {fileID: 0}
  m_PrefabInstance: {fileID: 0}
  m_PrefabAsset: {fileID: 0}
  m_GameObject: {fileID: 1044914219725922}
  m_Mesh: {fileID: 4300018, guid: 9493be8b5616b2f42bad0e32fe01aba1, type: 3}
--- !u!23 &23285600228911548
MeshRenderer:
  m_ObjectHideFlags: 0
  m_CorrespondingSourceObject: {fileID: 0}
  m_PrefabInstance: {fileID: 0}
  m_PrefabAsset: {fileID: 0}
  m_GameObject: {fileID: 1044914219725922}
  m_Enabled: 1
  m_CastShadows: 0
  m_ReceiveShadows: 0
  m_DynamicOccludee: 1
  m_MotionVectors: 1
  m_LightProbeUsage: 1
  m_ReflectionProbeUsage: 0
  m_RenderingLayerMask: 1
  m_RendererPriority: 0
  m_Materials:
  - {fileID: 2100000, guid: 056e03fceb16dd346bf843379e6b67fa, type: 2}
  m_StaticBatchInfo:
    firstSubMesh: 0
    subMeshCount: 0
  m_StaticBatchRoot: {fileID: 0}
  m_ProbeAnchor: {fileID: 0}
  m_LightProbeVolumeOverride: {fileID: 0}
  m_ScaleInLightmap: 1
  m_PreserveUVs: 0
  m_IgnoreNormalsForChartDetection: 0
  m_ImportantGI: 0
  m_StitchLightmapSeams: 0
  m_SelectedEditorRenderState: 3
  m_MinimumChartSize: 4
  m_AutoUVMaxDistance: 0.5
  m_AutoUVMaxAngle: 89
  m_LightmapParameters: {fileID: 0}
  m_SortingLayerID: 0
  m_SortingLayer: 0
  m_SortingOrder: 2
--- !u!114 &114334366436391646
MonoBehaviour:
  m_ObjectHideFlags: 0
  m_CorrespondingSourceObject: {fileID: 0}
  m_PrefabInstance: {fileID: 0}
  m_PrefabAsset: {fileID: 0}
  m_GameObject: {fileID: 1044914219725922}
  m_Enabled: 1
  m_EditorHideFlags: 0
  m_Script: {fileID: 11500000, guid: 1874989c5e2da094ea00112c6a895694, type: 3}
  m_Name: 
  m_EditorClassIdentifier: 
--- !u!114 &114684035884525062
MonoBehaviour:
  m_ObjectHideFlags: 0
  m_CorrespondingSourceObject: {fileID: 0}
  m_PrefabInstance: {fileID: 0}
  m_PrefabAsset: {fileID: 0}
  m_GameObject: {fileID: 1044914219725922}
  m_Enabled: 1
  m_EditorHideFlags: 0
  m_Script: {fileID: 11500000, guid: 74efee4889073914b8ae070d65688ce4, type: 3}
  m_Name: 
  m_EditorClassIdentifier: 
  InitialOpacity: 1
--- !u!1 &1071968345428140
GameObject:
  m_ObjectHideFlags: 0
  m_CorrespondingSourceObject: {fileID: 0}
  m_PrefabInstance: {fileID: 0}
  m_PrefabAsset: {fileID: 0}
  serializedVersion: 6
  m_Component:
  - component: {fileID: 4181497561172446}
  - component: {fileID: 114724004983357502}
  m_Layer: 0
  m_Name: Tile Layer 1
  m_TagString: Untagged
  m_Icon: {fileID: 0}
  m_NavMeshLayer: 0
  m_StaticEditorFlags: 0
  m_IsActive: 1
--- !u!4 &4181497561172446
Transform:
  m_ObjectHideFlags: 0
  m_CorrespondingSourceObject: {fileID: 0}
  m_PrefabInstance: {fileID: 0}
  m_PrefabAsset: {fileID: 0}
  m_GameObject: {fileID: 1071968345428140}
  m_LocalRotation: {x: -0, y: -0, z: -0, w: 1}
  m_LocalPosition: {x: 0, y: 0, z: 0}
  m_LocalScale: {x: 1, y: 1, z: 1}
  m_Children:
  - {fileID: 4244910087543870}
  - {fileID: 4115963521371022}
  - {fileID: 4585670792866178}
  - {fileID: 4714637001419338}
  - {fileID: 4778078120234664}
  - {fileID: 4508231335652008}
  - {fileID: 4027477828154056}
  - {fileID: 4190430104213174}
  m_Father: {fileID: 4440678732326222}
  m_RootOrder: 1
  m_LocalEulerAnglesHint: {x: 0, y: 0, z: 0}
--- !u!114 &114724004983357502
MonoBehaviour:
  m_ObjectHideFlags: 0
  m_CorrespondingSourceObject: {fileID: 0}
  m_PrefabInstance: {fileID: 0}
  m_PrefabAsset: {fileID: 0}
  m_GameObject: {fileID: 1071968345428140}
  m_Enabled: 1
  m_EditorHideFlags: 0
  m_Script: {fileID: 11500000, guid: 36f478cbe2fdbeb43a1a2ec45e99ca69, type: 3}
  m_Name: 
  m_EditorClassIdentifier: 
  Offset: {x: 0, y: 0}
--- !u!1 &1107346683837456
GameObject:
  m_ObjectHideFlags: 0
  m_CorrespondingSourceObject: {fileID: 0}
  m_PrefabInstance: {fileID: 0}
  m_PrefabAsset: {fileID: 0}
  serializedVersion: 6
  m_Component:
  - component: {fileID: 4585670792866178}
  - component: {fileID: 33484300435313976}
  - component: {fileID: 23609954200705842}
  - component: {fileID: 114070830847105986}
  - component: {fileID: 114048331105589750}
  - component: {fileID: 114941756385529170}
  m_Layer: 0
  m_Name: Lava[0-100][400]
  m_TagString: Untagged
  m_Icon: {fileID: 0}
  m_NavMeshLayer: 0
  m_StaticEditorFlags: 0
  m_IsActive: 1
--- !u!4 &4585670792866178
Transform:
  m_ObjectHideFlags: 0
  m_CorrespondingSourceObject: {fileID: 0}
  m_PrefabInstance: {fileID: 0}
  m_PrefabAsset: {fileID: 0}
  m_GameObject: {fileID: 1107346683837456}
  m_LocalRotation: {x: -0, y: -0, z: -0, w: 1}
  m_LocalPosition: {x: 0, y: 0, z: 0}
  m_LocalScale: {x: 1, y: 1, z: 1}
  m_Children: []
  m_Father: {fileID: 4181497561172446}
  m_RootOrder: 2
  m_LocalEulerAnglesHint: {x: 0, y: 0, z: 0}
--- !u!33 &33484300435313976
MeshFilter:
  m_ObjectHideFlags: 0
  m_CorrespondingSourceObject: {fileID: 0}
  m_PrefabInstance: {fileID: 0}
  m_PrefabAsset: {fileID: 0}
  m_GameObject: {fileID: 1107346683837456}
  m_Mesh: {fileID: 4300006, guid: 9493be8b5616b2f42bad0e32fe01aba1, type: 3}
--- !u!23 &23609954200705842
MeshRenderer:
  m_ObjectHideFlags: 0
  m_CorrespondingSourceObject: {fileID: 0}
  m_PrefabInstance: {fileID: 0}
  m_PrefabAsset: {fileID: 0}
  m_GameObject: {fileID: 1107346683837456}
  m_Enabled: 1
  m_CastShadows: 0
  m_ReceiveShadows: 0
  m_DynamicOccludee: 1
  m_MotionVectors: 1
  m_LightProbeUsage: 1
  m_ReflectionProbeUsage: 0
  m_RenderingLayerMask: 1
  m_RendererPriority: 0
  m_Materials:
  - {fileID: 2100000, guid: 745c95012b33ed74b8b538f7863c0c81, type: 2}
  m_StaticBatchInfo:
    firstSubMesh: 0
    subMeshCount: 0
  m_StaticBatchRoot: {fileID: 0}
  m_ProbeAnchor: {fileID: 0}
  m_LightProbeVolumeOverride: {fileID: 0}
  m_ScaleInLightmap: 1
  m_PreserveUVs: 0
  m_IgnoreNormalsForChartDetection: 0
  m_ImportantGI: 0
  m_StitchLightmapSeams: 0
  m_SelectedEditorRenderState: 3
  m_MinimumChartSize: 4
  m_AutoUVMaxDistance: 0.5
  m_AutoUVMaxAngle: 89
  m_LightmapParameters: {fileID: 0}
  m_SortingLayerID: 0
  m_SortingLayer: 0
  m_SortingOrder: 1
--- !u!114 &114070830847105986
MonoBehaviour:
  m_ObjectHideFlags: 0
  m_CorrespondingSourceObject: {fileID: 0}
  m_PrefabInstance: {fileID: 0}
  m_PrefabAsset: {fileID: 0}
  m_GameObject: {fileID: 1107346683837456}
  m_Enabled: 1
  m_EditorHideFlags: 0
  m_Script: {fileID: 11500000, guid: 1874989c5e2da094ea00112c6a895694, type: 3}
  m_Name: 
  m_EditorClassIdentifier: 
--- !u!114 &114048331105589750
MonoBehaviour:
  m_ObjectHideFlags: 0
  m_CorrespondingSourceObject: {fileID: 0}
  m_PrefabInstance: {fileID: 0}
  m_PrefabAsset: {fileID: 0}
  m_GameObject: {fileID: 1107346683837456}
  m_Enabled: 1
  m_EditorHideFlags: 0
  m_Script: {fileID: 11500000, guid: 74efee4889073914b8ae070d65688ce4, type: 3}
  m_Name: 
  m_EditorClassIdentifier: 
  InitialOpacity: 1
--- !u!114 &114941756385529170
MonoBehaviour:
  m_ObjectHideFlags: 0
  m_CorrespondingSourceObject: {fileID: 0}
  m_PrefabInstance: {fileID: 0}
  m_PrefabAsset: {fileID: 0}
  m_GameObject: {fileID: 1107346683837456}
  m_Enabled: 1
  m_EditorHideFlags: 0
  m_Script: {fileID: 11500000, guid: 2701c188f5d135944b3731fff08a8a74, type: 3}
  m_Name: 
  m_EditorClassIdentifier: 
  StartTime: 0
  Duration: 0.1
  TotalAnimationTime: 0.4
--- !u!1 &1228370249108652
GameObject:
  m_ObjectHideFlags: 0
  m_CorrespondingSourceObject: {fileID: 0}
  m_PrefabInstance: {fileID: 0}
  m_PrefabAsset: {fileID: 0}
  serializedVersion: 6
  m_Component:
  - component: {fileID: 4440678732326222}
  - component: {fileID: 114597876691811426}
  m_Layer: 0
  m_Name: Scene1v2
  m_TagString: Untagged
  m_Icon: {fileID: 0}
  m_NavMeshLayer: 0
  m_StaticEditorFlags: 0
  m_IsActive: 1
--- !u!4 &4440678732326222
Transform:
  m_ObjectHideFlags: 0
  m_CorrespondingSourceObject: {fileID: 0}
  m_PrefabInstance: {fileID: 0}
  m_PrefabAsset: {fileID: 0}
  m_GameObject: {fileID: 1228370249108652}
  m_LocalRotation: {x: 0, y: 0, z: 0, w: 1}
  m_LocalPosition: {x: 0, y: 0, z: 0}
  m_LocalScale: {x: 1, y: 1, z: 1}
  m_Children:
  - {fileID: 4517156163656098}
  - {fileID: 4181497561172446}
  - {fileID: 4637370121654004}
  - {fileID: 4638807304945246}
  m_Father: {fileID: 0}
  m_RootOrder: 0
  m_LocalEulerAnglesHint: {x: 0, y: 0, z: 0}
--- !u!114 &114597876691811426
MonoBehaviour:
  m_ObjectHideFlags: 0
  m_CorrespondingSourceObject: {fileID: 0}
  m_PrefabInstance: {fileID: 0}
  m_PrefabAsset: {fileID: 0}
  m_GameObject: {fileID: 1228370249108652}
  m_Enabled: 1
  m_EditorHideFlags: 0
  m_Script: {fileID: 11500000, guid: c0619e460a775cc458d37cb4a214a189, type: 3}
  m_Name: 
  m_EditorClassIdentifier: 
  Orientation: 0
  StaggerAxis: 1
  StaggerIndex: 0
  HexSideLength: 0
  NumLayers: 4
  NumTilesWide: 175
  NumTilesHigh: 24
  TileWidth: 32
  TileHeight: 32
  ExportScale: 0.03125
  MapWidthInPixels: 5600
  MapHeightInPixels: 768
  BackgroundColor: {r: 0.5019608, g: 0.5019608, b: 0.5019608, a: 1}
--- !u!1 &1272355837859510
GameObject:
  m_ObjectHideFlags: 0
  m_CorrespondingSourceObject: {fileID: 0}
  m_PrefabInstance: {fileID: 0}
  m_PrefabAsset: {fileID: 0}
  serializedVersion: 6
  m_Component:
  - component: {fileID: 4027477828154056}
  - component: {fileID: 33429854353788566}
  - component: {fileID: 23086399442279478}
  - component: {fileID: 114458171878436792}
  - component: {fileID: 114631790901894166}
  m_Layer: 0
  m_Name: Lava
  m_TagString: Untagged
  m_Icon: {fileID: 0}
  m_NavMeshLayer: 0
  m_StaticEditorFlags: 0
  m_IsActive: 1
--- !u!4 &4027477828154056
Transform:
  m_ObjectHideFlags: 0
  m_CorrespondingSourceObject: {fileID: 0}
  m_PrefabInstance: {fileID: 0}
  m_PrefabAsset: {fileID: 0}
  m_GameObject: {fileID: 1272355837859510}
  m_LocalRotation: {x: -0, y: -0, z: -0, w: 1}
  m_LocalPosition: {x: 0, y: 0, z: 0}
  m_LocalScale: {x: 1, y: 1, z: 1}
  m_Children: []
  m_Father: {fileID: 4181497561172446}
  m_RootOrder: 6
  m_LocalEulerAnglesHint: {x: 0, y: 0, z: 0}
--- !u!33 &33429854353788566
MeshFilter:
  m_ObjectHideFlags: 0
  m_CorrespondingSourceObject: {fileID: 0}
  m_PrefabInstance: {fileID: 0}
  m_PrefabAsset: {fileID: 0}
  m_GameObject: {fileID: 1272355837859510}
  m_Mesh: {fileID: 4300014, guid: 9493be8b5616b2f42bad0e32fe01aba1, type: 3}
--- !u!23 &23086399442279478
MeshRenderer:
  m_ObjectHideFlags: 0
  m_CorrespondingSourceObject: {fileID: 0}
  m_PrefabInstance: {fileID: 0}
  m_PrefabAsset: {fileID: 0}
  m_GameObject: {fileID: 1272355837859510}
  m_Enabled: 1
  m_CastShadows: 0
  m_ReceiveShadows: 0
  m_DynamicOccludee: 1
  m_MotionVectors: 1
  m_LightProbeUsage: 1
  m_ReflectionProbeUsage: 0
  m_RenderingLayerMask: 1
  m_RendererPriority: 0
  m_Materials:
  - {fileID: 2100000, guid: 745c95012b33ed74b8b538f7863c0c81, type: 2}
  m_StaticBatchInfo:
    firstSubMesh: 0
    subMeshCount: 0
  m_StaticBatchRoot: {fileID: 0}
  m_ProbeAnchor: {fileID: 0}
  m_LightProbeVolumeOverride: {fileID: 0}
  m_ScaleInLightmap: 1
  m_PreserveUVs: 0
  m_IgnoreNormalsForChartDetection: 0
  m_ImportantGI: 0
  m_StitchLightmapSeams: 0
  m_SelectedEditorRenderState: 3
  m_MinimumChartSize: 4
  m_AutoUVMaxDistance: 0.5
  m_AutoUVMaxAngle: 89
  m_LightmapParameters: {fileID: 0}
  m_SortingLayerID: 0
  m_SortingLayer: 0
  m_SortingOrder: 1
--- !u!114 &114458171878436792
MonoBehaviour:
  m_ObjectHideFlags: 0
  m_CorrespondingSourceObject: {fileID: 0}
  m_PrefabInstance: {fileID: 0}
  m_PrefabAsset: {fileID: 0}
  m_GameObject: {fileID: 1272355837859510}
  m_Enabled: 1
  m_EditorHideFlags: 0
  m_Script: {fileID: 11500000, guid: 1874989c5e2da094ea00112c6a895694, type: 3}
  m_Name: 
  m_EditorClassIdentifier: 
--- !u!114 &114631790901894166
MonoBehaviour:
  m_ObjectHideFlags: 0
  m_CorrespondingSourceObject: {fileID: 0}
  m_PrefabInstance: {fileID: 0}
  m_PrefabAsset: {fileID: 0}
  m_GameObject: {fileID: 1272355837859510}
  m_Enabled: 1
  m_EditorHideFlags: 0
  m_Script: {fileID: 11500000, guid: 74efee4889073914b8ae070d65688ce4, type: 3}
  m_Name: 
  m_EditorClassIdentifier: 
  InitialOpacity: 1
--- !u!1 &1275938585178072
GameObject:
  m_ObjectHideFlags: 0
  m_CorrespondingSourceObject: {fileID: 0}
  m_PrefabInstance: {fileID: 0}
  m_PrefabAsset: {fileID: 0}
  serializedVersion: 6
  m_Component:
  - component: {fileID: 4714637001419338}
  - component: {fileID: 33009020244418662}
  - component: {fileID: 23160937204055116}
  - component: {fileID: 114752510245175888}
  - component: {fileID: 114823857482271688}
  - component: {fileID: 114351046552943628}
  m_Layer: 0
  m_Name: Lava[100-200][400]
  m_TagString: Untagged
  m_Icon: {fileID: 0}
  m_NavMeshLayer: 0
  m_StaticEditorFlags: 0
  m_IsActive: 1
--- !u!4 &4714637001419338
Transform:
  m_ObjectHideFlags: 0
  m_CorrespondingSourceObject: {fileID: 0}
  m_PrefabInstance: {fileID: 0}
  m_PrefabAsset: {fileID: 0}
  m_GameObject: {fileID: 1275938585178072}
  m_LocalRotation: {x: -0, y: -0, z: -0, w: 1}
  m_LocalPosition: {x: 0, y: 0, z: 0}
  m_LocalScale: {x: 1, y: 1, z: 1}
  m_Children: []
  m_Father: {fileID: 4181497561172446}
  m_RootOrder: 3
  m_LocalEulerAnglesHint: {x: 0, y: 0, z: 0}
--- !u!33 &33009020244418662
MeshFilter:
  m_ObjectHideFlags: 0
  m_CorrespondingSourceObject: {fileID: 0}
  m_PrefabInstance: {fileID: 0}
  m_PrefabAsset: {fileID: 0}
  m_GameObject: {fileID: 1275938585178072}
  m_Mesh: {fileID: 4300008, guid: 9493be8b5616b2f42bad0e32fe01aba1, type: 3}
--- !u!23 &23160937204055116
MeshRenderer:
  m_ObjectHideFlags: 0
  m_CorrespondingSourceObject: {fileID: 0}
  m_PrefabInstance: {fileID: 0}
  m_PrefabAsset: {fileID: 0}
  m_GameObject: {fileID: 1275938585178072}
  m_Enabled: 1
  m_CastShadows: 0
  m_ReceiveShadows: 0
  m_DynamicOccludee: 1
  m_MotionVectors: 1
  m_LightProbeUsage: 1
  m_ReflectionProbeUsage: 0
  m_RenderingLayerMask: 1
  m_RendererPriority: 0
  m_Materials:
  - {fileID: 2100000, guid: 745c95012b33ed74b8b538f7863c0c81, type: 2}
  m_StaticBatchInfo:
    firstSubMesh: 0
    subMeshCount: 0
  m_StaticBatchRoot: {fileID: 0}
  m_ProbeAnchor: {fileID: 0}
  m_LightProbeVolumeOverride: {fileID: 0}
  m_ScaleInLightmap: 1
  m_PreserveUVs: 0
  m_IgnoreNormalsForChartDetection: 0
  m_ImportantGI: 0
  m_StitchLightmapSeams: 0
  m_SelectedEditorRenderState: 3
  m_MinimumChartSize: 4
  m_AutoUVMaxDistance: 0.5
  m_AutoUVMaxAngle: 89
  m_LightmapParameters: {fileID: 0}
  m_SortingLayerID: 0
  m_SortingLayer: 0
  m_SortingOrder: 1
--- !u!114 &114752510245175888
MonoBehaviour:
  m_ObjectHideFlags: 0
  m_CorrespondingSourceObject: {fileID: 0}
  m_PrefabInstance: {fileID: 0}
  m_PrefabAsset: {fileID: 0}
  m_GameObject: {fileID: 1275938585178072}
  m_Enabled: 1
  m_EditorHideFlags: 0
  m_Script: {fileID: 11500000, guid: 1874989c5e2da094ea00112c6a895694, type: 3}
  m_Name: 
  m_EditorClassIdentifier: 
--- !u!114 &114823857482271688
MonoBehaviour:
  m_ObjectHideFlags: 0
  m_CorrespondingSourceObject: {fileID: 0}
  m_PrefabInstance: {fileID: 0}
  m_PrefabAsset: {fileID: 0}
  m_GameObject: {fileID: 1275938585178072}
  m_Enabled: 1
  m_EditorHideFlags: 0
  m_Script: {fileID: 11500000, guid: 74efee4889073914b8ae070d65688ce4, type: 3}
  m_Name: 
  m_EditorClassIdentifier: 
  InitialOpacity: 1
--- !u!114 &114351046552943628
MonoBehaviour:
  m_ObjectHideFlags: 0
  m_CorrespondingSourceObject: {fileID: 0}
  m_PrefabInstance: {fileID: 0}
  m_PrefabAsset: {fileID: 0}
  m_GameObject: {fileID: 1275938585178072}
  m_Enabled: 1
  m_EditorHideFlags: 0
  m_Script: {fileID: 11500000, guid: 2701c188f5d135944b3731fff08a8a74, type: 3}
  m_Name: 
  m_EditorClassIdentifier: 
  StartTime: 0.1
  Duration: 0.1
  TotalAnimationTime: 0.4
--- !u!1 &1419365720870518
GameObject:
  m_ObjectHideFlags: 0
  m_CorrespondingSourceObject: {fileID: 0}
  m_PrefabInstance: {fileID: 0}
  m_PrefabAsset: {fileID: 0}
  serializedVersion: 6
  m_Component:
  - component: {fileID: 4778078120234664}
  - component: {fileID: 33302108354877414}
  - component: {fileID: 23781307607025288}
  - component: {fileID: 114531240673012116}
  - component: {fileID: 114982888408146130}
  - component: {fileID: 114037803754230502}
  m_Layer: 0
  m_Name: Lava[200-300][400]
  m_TagString: Untagged
  m_Icon: {fileID: 0}
  m_NavMeshLayer: 0
  m_StaticEditorFlags: 0
  m_IsActive: 1
--- !u!4 &4778078120234664
Transform:
  m_ObjectHideFlags: 0
  m_CorrespondingSourceObject: {fileID: 0}
  m_PrefabInstance: {fileID: 0}
  m_PrefabAsset: {fileID: 0}
  m_GameObject: {fileID: 1419365720870518}
  m_LocalRotation: {x: -0, y: -0, z: -0, w: 1}
  m_LocalPosition: {x: 0, y: 0, z: 0}
  m_LocalScale: {x: 1, y: 1, z: 1}
  m_Children: []
  m_Father: {fileID: 4181497561172446}
  m_RootOrder: 4
  m_LocalEulerAnglesHint: {x: 0, y: 0, z: 0}
--- !u!33 &33302108354877414
MeshFilter:
  m_ObjectHideFlags: 0
  m_CorrespondingSourceObject: {fileID: 0}
  m_PrefabInstance: {fileID: 0}
  m_PrefabAsset: {fileID: 0}
  m_GameObject: {fileID: 1419365720870518}
  m_Mesh: {fileID: 4300010, guid: 9493be8b5616b2f42bad0e32fe01aba1, type: 3}
--- !u!23 &23781307607025288
MeshRenderer:
  m_ObjectHideFlags: 0
  m_CorrespondingSourceObject: {fileID: 0}
  m_PrefabInstance: {fileID: 0}
  m_PrefabAsset: {fileID: 0}
  m_GameObject: {fileID: 1419365720870518}
  m_Enabled: 1
  m_CastShadows: 0
  m_ReceiveShadows: 0
  m_DynamicOccludee: 1
  m_MotionVectors: 1
  m_LightProbeUsage: 1
  m_ReflectionProbeUsage: 0
  m_RenderingLayerMask: 1
  m_RendererPriority: 0
  m_Materials:
  - {fileID: 2100000, guid: 745c95012b33ed74b8b538f7863c0c81, type: 2}
  m_StaticBatchInfo:
    firstSubMesh: 0
    subMeshCount: 0
  m_StaticBatchRoot: {fileID: 0}
  m_ProbeAnchor: {fileID: 0}
  m_LightProbeVolumeOverride: {fileID: 0}
  m_ScaleInLightmap: 1
  m_PreserveUVs: 0
  m_IgnoreNormalsForChartDetection: 0
  m_ImportantGI: 0
  m_StitchLightmapSeams: 0
  m_SelectedEditorRenderState: 3
  m_MinimumChartSize: 4
  m_AutoUVMaxDistance: 0.5
  m_AutoUVMaxAngle: 89
  m_LightmapParameters: {fileID: 0}
  m_SortingLayerID: 0
  m_SortingLayer: 0
  m_SortingOrder: 1
--- !u!114 &114531240673012116
MonoBehaviour:
  m_ObjectHideFlags: 0
  m_CorrespondingSourceObject: {fileID: 0}
  m_PrefabInstance: {fileID: 0}
  m_PrefabAsset: {fileID: 0}
  m_GameObject: {fileID: 1419365720870518}
  m_Enabled: 1
  m_EditorHideFlags: 0
  m_Script: {fileID: 11500000, guid: 1874989c5e2da094ea00112c6a895694, type: 3}
  m_Name: 
  m_EditorClassIdentifier: 
--- !u!114 &114982888408146130
MonoBehaviour:
  m_ObjectHideFlags: 0
  m_CorrespondingSourceObject: {fileID: 0}
  m_PrefabInstance: {fileID: 0}
  m_PrefabAsset: {fileID: 0}
  m_GameObject: {fileID: 1419365720870518}
  m_Enabled: 1
  m_EditorHideFlags: 0
  m_Script: {fileID: 11500000, guid: 74efee4889073914b8ae070d65688ce4, type: 3}
  m_Name: 
  m_EditorClassIdentifier: 
  InitialOpacity: 1
--- !u!114 &114037803754230502
MonoBehaviour:
  m_ObjectHideFlags: 0
  m_CorrespondingSourceObject: {fileID: 0}
  m_PrefabInstance: {fileID: 0}
  m_PrefabAsset: {fileID: 0}
  m_GameObject: {fileID: 1419365720870518}
  m_Enabled: 1
  m_EditorHideFlags: 0
  m_Script: {fileID: 11500000, guid: 2701c188f5d135944b3731fff08a8a74, type: 3}
  m_Name: 
  m_EditorClassIdentifier: 
  StartTime: 0.2
  Duration: 0.1
  TotalAnimationTime: 0.4
--- !u!1 &1585193514356362
GameObject:
  m_ObjectHideFlags: 0
  m_CorrespondingSourceObject: {fileID: 0}
  m_PrefabInstance: {fileID: 0}
  m_PrefabAsset: {fileID: 0}
  serializedVersion: 6
  m_Component:
  - component: {fileID: 4244910087543870}
  - component: {fileID: 33808981619470530}
  - component: {fileID: 23586348384576874}
  - component: {fileID: 114016458951919732}
  - component: {fileID: 114123000893765458}
  m_Layer: 0
  m_Name: TerrainSpriteSheet
  m_TagString: Untagged
  m_Icon: {fileID: 0}
  m_NavMeshLayer: 0
  m_StaticEditorFlags: 0
  m_IsActive: 1
--- !u!4 &4244910087543870
Transform:
  m_ObjectHideFlags: 0
  m_CorrespondingSourceObject: {fileID: 0}
  m_PrefabInstance: {fileID: 0}
  m_PrefabAsset: {fileID: 0}
  m_GameObject: {fileID: 1585193514356362}
  m_LocalRotation: {x: -0, y: -0, z: -0, w: 1}
  m_LocalPosition: {x: 0, y: 0, z: 0}
  m_LocalScale: {x: 1, y: 1, z: 1}
  m_Children: []
  m_Father: {fileID: 4181497561172446}
  m_RootOrder: 0
  m_LocalEulerAnglesHint: {x: 0, y: 0, z: 0}
--- !u!33 &33808981619470530
MeshFilter:
  m_ObjectHideFlags: 0
  m_CorrespondingSourceObject: {fileID: 0}
  m_PrefabInstance: {fileID: 0}
  m_PrefabAsset: {fileID: 0}
  m_GameObject: {fileID: 1585193514356362}
  m_Mesh: {fileID: 4300002, guid: 9493be8b5616b2f42bad0e32fe01aba1, type: 3}
--- !u!23 &23586348384576874
MeshRenderer:
  m_ObjectHideFlags: 0
  m_CorrespondingSourceObject: {fileID: 0}
  m_PrefabInstance: {fileID: 0}
  m_PrefabAsset: {fileID: 0}
  m_GameObject: {fileID: 1585193514356362}
  m_Enabled: 1
  m_CastShadows: 0
  m_ReceiveShadows: 0
  m_DynamicOccludee: 1
  m_MotionVectors: 1
  m_LightProbeUsage: 1
  m_ReflectionProbeUsage: 0
  m_RenderingLayerMask: 1
  m_RendererPriority: 0
  m_Materials:
  - {fileID: 2100000, guid: e50385ea1de56f945a477db8976d42db, type: 2}
  m_StaticBatchInfo:
    firstSubMesh: 0
    subMeshCount: 0
  m_StaticBatchRoot: {fileID: 0}
  m_ProbeAnchor: {fileID: 0}
  m_LightProbeVolumeOverride: {fileID: 0}
  m_ScaleInLightmap: 1
  m_PreserveUVs: 0
  m_IgnoreNormalsForChartDetection: 0
  m_ImportantGI: 0
  m_StitchLightmapSeams: 0
  m_SelectedEditorRenderState: 3
  m_MinimumChartSize: 4
  m_AutoUVMaxDistance: 0.5
  m_AutoUVMaxAngle: 89
  m_LightmapParameters: {fileID: 0}
  m_SortingLayerID: 0
  m_SortingLayer: 0
  m_SortingOrder: 1
--- !u!114 &114016458951919732
MonoBehaviour:
  m_ObjectHideFlags: 0
  m_CorrespondingSourceObject: {fileID: 0}
  m_PrefabInstance: {fileID: 0}
  m_PrefabAsset: {fileID: 0}
  m_GameObject: {fileID: 1585193514356362}
  m_Enabled: 1
  m_EditorHideFlags: 0
  m_Script: {fileID: 11500000, guid: 1874989c5e2da094ea00112c6a895694, type: 3}
  m_Name: 
  m_EditorClassIdentifier: 
--- !u!114 &114123000893765458
MonoBehaviour:
  m_ObjectHideFlags: 0
  m_CorrespondingSourceObject: {fileID: 0}
  m_PrefabInstance: {fileID: 0}
  m_PrefabAsset: {fileID: 0}
  m_GameObject: {fileID: 1585193514356362}
  m_Enabled: 1
  m_EditorHideFlags: 0
  m_Script: {fileID: 11500000, guid: 74efee4889073914b8ae070d65688ce4, type: 3}
  m_Name: 
  m_EditorClassIdentifier: 
  InitialOpacity: 1
--- !u!1 &1676158227373532
GameObject:
  m_ObjectHideFlags: 0
  m_CorrespondingSourceObject: {fileID: 0}
  m_PrefabInstance: {fileID: 0}
  m_PrefabAsset: {fileID: 0}
  serializedVersion: 6
  m_Component:
  - component: {fileID: 4508231335652008}
  - component: {fileID: 33914514949939374}
  - component: {fileID: 23052011014666336}
  - component: {fileID: 114190761375478868}
  - component: {fileID: 114268011710056630}
  - component: {fileID: 114726532046088574}
  m_Layer: 0
  m_Name: Lava[300-400][400]
  m_TagString: Untagged
  m_Icon: {fileID: 0}
  m_NavMeshLayer: 0
  m_StaticEditorFlags: 0
  m_IsActive: 1
--- !u!4 &4508231335652008
Transform:
  m_ObjectHideFlags: 0
  m_CorrespondingSourceObject: {fileID: 0}
  m_PrefabInstance: {fileID: 0}
  m_PrefabAsset: {fileID: 0}
  m_GameObject: {fileID: 1676158227373532}
  m_LocalRotation: {x: -0, y: -0, z: -0, w: 1}
  m_LocalPosition: {x: 0, y: 0, z: 0}
  m_LocalScale: {x: 1, y: 1, z: 1}
  m_Children: []
  m_Father: {fileID: 4181497561172446}
  m_RootOrder: 5
  m_LocalEulerAnglesHint: {x: 0, y: 0, z: 0}
--- !u!33 &33914514949939374
MeshFilter:
  m_ObjectHideFlags: 0
  m_CorrespondingSourceObject: {fileID: 0}
  m_PrefabInstance: {fileID: 0}
  m_PrefabAsset: {fileID: 0}
  m_GameObject: {fileID: 1676158227373532}
  m_Mesh: {fileID: 4300012, guid: 9493be8b5616b2f42bad0e32fe01aba1, type: 3}
--- !u!23 &23052011014666336
MeshRenderer:
  m_ObjectHideFlags: 0
  m_CorrespondingSourceObject: {fileID: 0}
  m_PrefabInstance: {fileID: 0}
  m_PrefabAsset: {fileID: 0}
  m_GameObject: {fileID: 1676158227373532}
  m_Enabled: 1
  m_CastShadows: 0
  m_ReceiveShadows: 0
  m_DynamicOccludee: 1
  m_MotionVectors: 1
  m_LightProbeUsage: 1
  m_ReflectionProbeUsage: 0
  m_RenderingLayerMask: 1
  m_RendererPriority: 0
  m_Materials:
  - {fileID: 2100000, guid: 745c95012b33ed74b8b538f7863c0c81, type: 2}
  m_StaticBatchInfo:
    firstSubMesh: 0
    subMeshCount: 0
  m_StaticBatchRoot: {fileID: 0}
  m_ProbeAnchor: {fileID: 0}
  m_LightProbeVolumeOverride: {fileID: 0}
  m_ScaleInLightmap: 1
  m_PreserveUVs: 0
  m_IgnoreNormalsForChartDetection: 0
  m_ImportantGI: 0
  m_StitchLightmapSeams: 0
  m_SelectedEditorRenderState: 3
  m_MinimumChartSize: 4
  m_AutoUVMaxDistance: 0.5
  m_AutoUVMaxAngle: 89
  m_LightmapParameters: {fileID: 0}
  m_SortingLayerID: 0
  m_SortingLayer: 0
  m_SortingOrder: 1
--- !u!114 &114190761375478868
MonoBehaviour:
  m_ObjectHideFlags: 0
  m_CorrespondingSourceObject: {fileID: 0}
  m_PrefabInstance: {fileID: 0}
  m_PrefabAsset: {fileID: 0}
  m_GameObject: {fileID: 1676158227373532}
  m_Enabled: 1
  m_EditorHideFlags: 0
  m_Script: {fileID: 11500000, guid: 1874989c5e2da094ea00112c6a895694, type: 3}
  m_Name: 
  m_EditorClassIdentifier: 
--- !u!114 &114268011710056630
MonoBehaviour:
  m_ObjectHideFlags: 0
  m_CorrespondingSourceObject: {fileID: 0}
  m_PrefabInstance: {fileID: 0}
  m_PrefabAsset: {fileID: 0}
  m_GameObject: {fileID: 1676158227373532}
  m_Enabled: 1
  m_EditorHideFlags: 0
  m_Script: {fileID: 11500000, guid: 74efee4889073914b8ae070d65688ce4, type: 3}
  m_Name: 
  m_EditorClassIdentifier: 
  InitialOpacity: 1
--- !u!114 &114726532046088574
MonoBehaviour:
  m_ObjectHideFlags: 0
  m_CorrespondingSourceObject: {fileID: 0}
  m_PrefabInstance: {fileID: 0}
  m_PrefabAsset: {fileID: 0}
  m_GameObject: {fileID: 1676158227373532}
  m_Enabled: 1
  m_EditorHideFlags: 0
  m_Script: {fileID: 11500000, guid: 2701c188f5d135944b3731fff08a8a74, type: 3}
  m_Name: 
  m_EditorClassIdentifier: 
  StartTime: 0.3
  Duration: 0.1
  TotalAnimationTime: 0.4
--- !u!1 &1734816758919062
GameObject:
  m_ObjectHideFlags: 0
  m_CorrespondingSourceObject: {fileID: 0}
  m_PrefabInstance: {fileID: 0}
  m_PrefabAsset: {fileID: 0}
  serializedVersion: 6
  m_Component:
  - component: {fileID: 4638807304945246}
  - component: {fileID: 114414330365120278}
  m_Layer: 0
  m_Name: Foreground
  m_TagString: Untagged
  m_Icon: {fileID: 0}
  m_NavMeshLayer: 0
  m_StaticEditorFlags: 0
  m_IsActive: 1
--- !u!4 &4638807304945246
Transform:
  m_ObjectHideFlags: 0
  m_CorrespondingSourceObject: {fileID: 0}
  m_PrefabInstance: {fileID: 0}
  m_PrefabAsset: {fileID: 0}
  m_GameObject: {fileID: 1734816758919062}
  m_LocalRotation: {x: -0, y: -0, z: -0, w: 1}
  m_LocalPosition: {x: 0, y: 0, z: 0}
  m_LocalScale: {x: 1, y: 1, z: 1}
  m_Children:
  - {fileID: 550268678872561846}
  - {fileID: 3991505607550243431}
  - {fileID: 3185779024463148703}
  m_Father: {fileID: 4440678732326222}
  m_RootOrder: 3
  m_LocalEulerAnglesHint: {x: 0, y: 0, z: 0}
--- !u!114 &114414330365120278
MonoBehaviour:
  m_ObjectHideFlags: 0
  m_CorrespondingSourceObject: {fileID: 0}
  m_PrefabInstance: {fileID: 0}
  m_PrefabAsset: {fileID: 0}
  m_GameObject: {fileID: 1734816758919062}
  m_Enabled: 1
  m_EditorHideFlags: 0
  m_Script: {fileID: 11500000, guid: 36f478cbe2fdbeb43a1a2ec45e99ca69, type: 3}
  m_Name: 
  m_EditorClassIdentifier: 
  Offset: {x: 0, y: 0}
--- !u!1 &1842678634337194
GameObject:
  m_ObjectHideFlags: 0
  m_CorrespondingSourceObject: {fileID: 0}
  m_PrefabInstance: {fileID: 0}
  m_PrefabAsset: {fileID: 0}
  serializedVersion: 6
  m_Component:
  - component: {fileID: 4637370121654004}
  - component: {fileID: 114288725923335538}
  m_Layer: 0
  m_Name: Vine & Above Layer
  m_TagString: Untagged
  m_Icon: {fileID: 0}
  m_NavMeshLayer: 0
  m_StaticEditorFlags: 0
  m_IsActive: 1
--- !u!4 &4637370121654004
Transform:
  m_ObjectHideFlags: 0
  m_CorrespondingSourceObject: {fileID: 0}
  m_PrefabInstance: {fileID: 0}
  m_PrefabAsset: {fileID: 0}
  m_GameObject: {fileID: 1842678634337194}
  m_LocalRotation: {x: -0, y: -0, z: -0, w: 1}
  m_LocalPosition: {x: 0, y: 0, z: 0}
  m_LocalScale: {x: 1, y: 1, z: 1}
  m_Children:
  - {fileID: 1206247848828176717}
  - {fileID: 4089023551466244}
  - {fileID: 932734335422215689}
  - {fileID: 7000149977131154519}
  m_Father: {fileID: 4440678732326222}
  m_RootOrder: 2
  m_LocalEulerAnglesHint: {x: 0, y: 0, z: 0}
--- !u!114 &114288725923335538
MonoBehaviour:
  m_ObjectHideFlags: 0
  m_CorrespondingSourceObject: {fileID: 0}
  m_PrefabInstance: {fileID: 0}
  m_PrefabAsset: {fileID: 0}
  m_GameObject: {fileID: 1842678634337194}
  m_Enabled: 1
  m_EditorHideFlags: 0
  m_Script: {fileID: 11500000, guid: 36f478cbe2fdbeb43a1a2ec45e99ca69, type: 3}
  m_Name: 
  m_EditorClassIdentifier: 
  Offset: {x: 0, y: 0}
--- !u!1 &1856683195046838
GameObject:
  m_ObjectHideFlags: 0
  m_CorrespondingSourceObject: {fileID: 0}
  m_PrefabInstance: {fileID: 0}
  m_PrefabAsset: {fileID: 0}
  serializedVersion: 6
  m_Component:
  - component: {fileID: 4190430104213174}
  - component: {fileID: 60953841104955424}
  m_Layer: 0
  m_Name: Collision
  m_TagString: Untagged
  m_Icon: {fileID: 0}
  m_NavMeshLayer: 0
  m_StaticEditorFlags: 0
  m_IsActive: 1
--- !u!4 &4190430104213174
Transform:
  m_ObjectHideFlags: 0
  m_CorrespondingSourceObject: {fileID: 0}
  m_PrefabInstance: {fileID: 0}
  m_PrefabAsset: {fileID: 0}
  m_GameObject: {fileID: 1856683195046838}
  m_LocalRotation: {x: -0, y: -0, z: -0, w: 1}
  m_LocalPosition: {x: 0, y: 0, z: 0}
  m_LocalScale: {x: 1, y: 1, z: 1}
  m_Children: []
  m_Father: {fileID: 4181497561172446}
  m_RootOrder: 7
  m_LocalEulerAnglesHint: {x: 0, y: 0, z: 0}
--- !u!60 &60953841104955424
PolygonCollider2D:
  m_ObjectHideFlags: 0
  m_CorrespondingSourceObject: {fileID: 0}
  m_PrefabInstance: {fileID: 0}
  m_PrefabAsset: {fileID: 0}
  m_GameObject: {fileID: 1856683195046838}
  m_Enabled: 1
  m_Density: 1
  m_Material: {fileID: 0}
  m_IsTrigger: 0
  m_UsedByEffector: 0
  m_UsedByComposite: 0
  m_Offset: {x: 0, y: 0}
  m_SpriteTilingProperty:
    border: {x: 0, y: 0, z: 0, w: 0}
    pivot: {x: 0, y: 0}
    oldSize: {x: 0, y: 0}
    newSize: {x: 0, y: 0}
    adaptiveTilingThreshold: 0
    drawMode: 0
    adaptiveTiling: 0
  m_AutoTiling: 0
  m_Points:
    m_Paths:
    - - {x: 129, y: -9}
      - {x: 125, y: -9}
      - {x: 125, y: -10}
      - {x: 129, y: -10}
    - - {x: 55, y: -9}
      - {x: 51, y: -9}
      - {x: 51, y: -10}
      - {x: 55, y: -10}
    - - {x: 135, y: -11}
      - {x: 131, y: -11}
      - {x: 131, y: -12}
      - {x: 135, y: -12}
    - - {x: 119, y: -12}
      - {x: 123, y: -12}
      - {x: 123, y: -11}
      - {x: 119, y: -11}
    - - {x: 175, y: 0}
      - {x: 8, y: 0}
      - {x: 8, y: -4}
      - {x: 9, y: -4}
      - {x: 9, y: -5}
      - {x: 23, y: -5}
      - {x: 23, y: -6}
      - {x: 32, y: -6}
      - {x: 32, y: -4}
      - {x: 40, y: -4}
      - {x: 40, y: -3}
      - {x: 116, y: -3}
      - {x: 116, y: -4}
      - {x: 129, y: -4}
      - {x: 129, y: -2}
      - {x: 129.25, y: -2}
      - {x: 129.25, y: -3}
      - {x: 137.25, y: -3}
      - {x: 137.25, y: -4}
      - {x: 145, y: -4}
      - {x: 145, y: -2}
      - {x: 145.25, y: -2}
      - {x: 145.25, y: -3}
      - {x: 148.25, y: -3}
      - {x: 148.25, y: -4}
      - {x: 151, y: -4}
      - {x: 151, y: -5}
      - {x: 150, y: -5}
      - {x: 150, y: -7}
      - {x: 149.25, y: -7}
      - {x: 149.25, y: -8}
      - {x: 152.25, y: -8}
      - {x: 152.25, y: -7}
      - {x: 152, y: -7}
      - {x: 152, y: -4}
      - {x: 152.25, y: -4}
      - {x: 152.25, y: -5}
      - {x: 171, y: -5}
      - {x: 171, y: -13}
      - {x: 149, y: -13}
      - {x: 149, y: -14}
      - {x: 115, y: -14}
      - {x: 115, y: -15}
      - {x: 112, y: -15}
      - {x: 112, y: -18}
      - {x: 108, y: -18}
      - {x: 108, y: -15}
      - {x: 92, y: -15}
      - {x: 92, y: -18}
      - {x: 88, y: -18}
      - {x: 88, y: -15}
      - {x: 86, y: -15}
      - {x: 86, y: -17}
      - {x: 85, y: -17}
      - {x: 85, y: -18}
      - {x: 83, y: -18}
      - {x: 83, y: -14}
      - {x: 81, y: -14}
      - {x: 81, y: -16}
      - {x: 80, y: -16}
      - {x: 80, y: -18}
      - {x: 78, y: -18}
      - {x: 78, y: -12}
      - {x: 76, y: -12}
      - {x: 76, y: -18}
      - {x: 69, y: -18}
      - {x: 69, y: -12}
      - {x: 64, y: -12}
      - {x: 64, y: -17}
      - {x: 58, y: -17}
      - {x: 58, y: -15}
      - {x: 57, y: -15}
      - {x: 57, y: -13}
      - {x: 56, y: -13}
      - {x: 56, y: -12}
      - {x: 49, y: -12}
      - {x: 49, y: -11}
      - {x: 41, y: -11}
      - {x: 41, y: -10}
      - {x: 37, y: -10}
      - {x: 37, y: -14}
      - {x: 33, y: -14}
      - {x: 33, y: -11}
      - {x: 31, y: -11}
      - {x: 31, y: -12}
      - {x: 30, y: -12}
      - {x: 30, y: -13}
      - {x: 16, y: -13}
      - {x: 16, y: -12}
      - {x: 4, y: -12}
      - {x: 4, y: -11}
      - {x: 3, y: -11}
      - {x: 3, y: -7}
      - {x: 4, y: -7}
      - {x: 4, y: -5}
      - {x: 6, y: -5}
      - {x: 6, y: 0}
      - {x: 0, y: 0}
      - {x: 0, y: -24}
      - {x: 175, y: -24}
    - - {x: 151.25, y: -3}
      - {x: 151.25, y: -4}
      - {x: 151, y: -4}
      - {x: 151, y: -3}
--- !u!1 &1890671668263684
GameObject:
  m_ObjectHideFlags: 0
  m_CorrespondingSourceObject: {fileID: 0}
  m_PrefabInstance: {fileID: 0}
  m_PrefabAsset: {fileID: 0}
  serializedVersion: 6
  m_Component:
  - component: {fileID: 4517156163656098}
  - component: {fileID: 114928556674825174}
  m_Layer: 0
  m_Name: TempleBackground
  m_TagString: Untagged
  m_Icon: {fileID: 0}
  m_NavMeshLayer: 0
  m_StaticEditorFlags: 0
  m_IsActive: 1
--- !u!4 &4517156163656098
Transform:
  m_ObjectHideFlags: 0
  m_CorrespondingSourceObject: {fileID: 0}
  m_PrefabInstance: {fileID: 0}
  m_PrefabAsset: {fileID: 0}
  m_GameObject: {fileID: 1890671668263684}
  m_LocalRotation: {x: -0, y: -0, z: -0, w: 1}
  m_LocalPosition: {x: 0, y: 0, z: 0}
  m_LocalScale: {x: 1, y: 1, z: 1}
  m_Children:
  - {fileID: 7101676122044669457}
  m_Father: {fileID: 4440678732326222}
  m_RootOrder: 0
  m_LocalEulerAnglesHint: {x: 0, y: 0, z: 0}
--- !u!114 &114928556674825174
MonoBehaviour:
  m_ObjectHideFlags: 0
  m_CorrespondingSourceObject: {fileID: 0}
  m_PrefabInstance: {fileID: 0}
  m_PrefabAsset: {fileID: 0}
  m_GameObject: {fileID: 1890671668263684}
  m_Enabled: 1
  m_EditorHideFlags: 0
  m_Script: {fileID: 11500000, guid: 36f478cbe2fdbeb43a1a2ec45e99ca69, type: 3}
  m_Name: 
  m_EditorClassIdentifier: 
  Offset: {x: 0, y: 0}
--- !u!1 &1930847273976234
GameObject:
  m_ObjectHideFlags: 0
  m_CorrespondingSourceObject: {fileID: 0}
  m_PrefabInstance: {fileID: 0}
  m_PrefabAsset: {fileID: 0}
  serializedVersion: 6
  m_Component:
  - component: {fileID: 4115963521371022}
  - component: {fileID: 33643200053231714}
  - component: {fileID: 23254037493432980}
  - component: {fileID: 114130888822975506}
  - component: {fileID: 114177892306703066}
  m_Layer: 0
  m_Name: TemplePillarSpriteSheet
  m_TagString: Untagged
  m_Icon: {fileID: 0}
  m_NavMeshLayer: 0
  m_StaticEditorFlags: 0
  m_IsActive: 1
--- !u!4 &4115963521371022
Transform:
  m_ObjectHideFlags: 0
  m_CorrespondingSourceObject: {fileID: 0}
  m_PrefabInstance: {fileID: 0}
  m_PrefabAsset: {fileID: 0}
  m_GameObject: {fileID: 1930847273976234}
  m_LocalRotation: {x: -0, y: -0, z: -0, w: 1}
  m_LocalPosition: {x: 0, y: 0, z: 0}
  m_LocalScale: {x: 1, y: 1, z: 1}
  m_Children: []
  m_Father: {fileID: 4181497561172446}
  m_RootOrder: 1
  m_LocalEulerAnglesHint: {x: 0, y: 0, z: 0}
--- !u!33 &33643200053231714
MeshFilter:
  m_ObjectHideFlags: 0
  m_CorrespondingSourceObject: {fileID: 0}
  m_PrefabInstance: {fileID: 0}
  m_PrefabAsset: {fileID: 0}
  m_GameObject: {fileID: 1930847273976234}
  m_Mesh: {fileID: 4300004, guid: 9493be8b5616b2f42bad0e32fe01aba1, type: 3}
--- !u!23 &23254037493432980
MeshRenderer:
  m_ObjectHideFlags: 0
  m_CorrespondingSourceObject: {fileID: 0}
  m_PrefabInstance: {fileID: 0}
  m_PrefabAsset: {fileID: 0}
  m_GameObject: {fileID: 1930847273976234}
  m_Enabled: 1
  m_CastShadows: 0
  m_ReceiveShadows: 0
  m_DynamicOccludee: 1
  m_MotionVectors: 1
  m_LightProbeUsage: 1
  m_ReflectionProbeUsage: 0
  m_RenderingLayerMask: 1
  m_RendererPriority: 0
  m_Materials:
  - {fileID: 2100000, guid: 804f71669c654d44c966f63eaec6c261, type: 2}
  m_StaticBatchInfo:
    firstSubMesh: 0
    subMeshCount: 0
  m_StaticBatchRoot: {fileID: 0}
  m_ProbeAnchor: {fileID: 0}
  m_LightProbeVolumeOverride: {fileID: 0}
  m_ScaleInLightmap: 1
  m_PreserveUVs: 0
  m_IgnoreNormalsForChartDetection: 0
  m_ImportantGI: 0
  m_StitchLightmapSeams: 0
  m_SelectedEditorRenderState: 3
  m_MinimumChartSize: 4
  m_AutoUVMaxDistance: 0.5
  m_AutoUVMaxAngle: 89
  m_LightmapParameters: {fileID: 0}
  m_SortingLayerID: 0
  m_SortingLayer: 0
  m_SortingOrder: 1
--- !u!114 &114130888822975506
MonoBehaviour:
  m_ObjectHideFlags: 0
  m_CorrespondingSourceObject: {fileID: 0}
  m_PrefabInstance: {fileID: 0}
  m_PrefabAsset: {fileID: 0}
  m_GameObject: {fileID: 1930847273976234}
  m_Enabled: 1
  m_EditorHideFlags: 0
  m_Script: {fileID: 11500000, guid: 1874989c5e2da094ea00112c6a895694, type: 3}
  m_Name: 
  m_EditorClassIdentifier: 
--- !u!114 &114177892306703066
MonoBehaviour:
  m_ObjectHideFlags: 0
  m_CorrespondingSourceObject: {fileID: 0}
  m_PrefabInstance: {fileID: 0}
  m_PrefabAsset: {fileID: 0}
  m_GameObject: {fileID: 1930847273976234}
  m_Enabled: 1
  m_EditorHideFlags: 0
  m_Script: {fileID: 11500000, guid: 74efee4889073914b8ae070d65688ce4, type: 3}
  m_Name: 
  m_EditorClassIdentifier: 
  InitialOpacity: 1
--- !u!1 &239291213557551153
GameObject:
  m_ObjectHideFlags: 0
  m_CorrespondingSourceObject: {fileID: 0}
  m_PrefabInstance: {fileID: 0}
  m_PrefabAsset: {fileID: 0}
  serializedVersion: 6
  m_Component:
  - component: {fileID: 1206247848828176717}
  - component: {fileID: 2209948342813057651}
  - component: {fileID: 7112221828748311784}
  - component: {fileID: 8556693904144947483}
  - component: {fileID: 4540545557178338324}
  m_Layer: 0
  m_Name: TerrainSpriteSheet
  m_TagString: Untagged
  m_Icon: {fileID: 0}
  m_NavMeshLayer: 0
  m_StaticEditorFlags: 0
  m_IsActive: 1
--- !u!4 &1206247848828176717
Transform:
  m_ObjectHideFlags: 0
  m_CorrespondingSourceObject: {fileID: 0}
  m_PrefabInstance: {fileID: 0}
  m_PrefabAsset: {fileID: 0}
  m_GameObject: {fileID: 239291213557551153}
  m_LocalRotation: {x: -0, y: -0, z: -0, w: 1}
  m_LocalPosition: {x: 0, y: 0, z: 0}
  m_LocalScale: {x: 1, y: 1, z: 1}
  m_Children: []
  m_Father: {fileID: 4637370121654004}
  m_RootOrder: 0
  m_LocalEulerAnglesHint: {x: 0, y: 0, z: 0}
--- !u!33 &2209948342813057651
MeshFilter:
  m_ObjectHideFlags: 0
  m_CorrespondingSourceObject: {fileID: 0}
  m_PrefabInstance: {fileID: 0}
  m_PrefabAsset: {fileID: 0}
  m_GameObject: {fileID: 239291213557551153}
  m_Mesh: {fileID: 4300016, guid: 9493be8b5616b2f42bad0e32fe01aba1, type: 3}
--- !u!23 &7112221828748311784
MeshRenderer:
  m_ObjectHideFlags: 0
  m_CorrespondingSourceObject: {fileID: 0}
  m_PrefabInstance: {fileID: 0}
  m_PrefabAsset: {fileID: 0}
  m_GameObject: {fileID: 239291213557551153}
  m_Enabled: 1
  m_CastShadows: 0
  m_ReceiveShadows: 0
  m_DynamicOccludee: 1
  m_MotionVectors: 1
  m_LightProbeUsage: 1
  m_ReflectionProbeUsage: 0
  m_RenderingLayerMask: 1
  m_RendererPriority: 0
  m_Materials:
  - {fileID: 2100000, guid: e50385ea1de56f945a477db8976d42db, type: 2}
  m_StaticBatchInfo:
    firstSubMesh: 0
    subMeshCount: 0
  m_StaticBatchRoot: {fileID: 0}
  m_ProbeAnchor: {fileID: 0}
  m_LightProbeVolumeOverride: {fileID: 0}
  m_ScaleInLightmap: 1
  m_PreserveUVs: 0
  m_IgnoreNormalsForChartDetection: 0
  m_ImportantGI: 0
  m_StitchLightmapSeams: 0
  m_SelectedEditorRenderState: 3
  m_MinimumChartSize: 4
  m_AutoUVMaxDistance: 0.5
  m_AutoUVMaxAngle: 89
  m_LightmapParameters: {fileID: 0}
  m_SortingLayerID: 0
  m_SortingLayer: 0
  m_SortingOrder: 2
--- !u!114 &8556693904144947483
MonoBehaviour:
  m_ObjectHideFlags: 0
  m_CorrespondingSourceObject: {fileID: 0}
  m_PrefabInstance: {fileID: 0}
  m_PrefabAsset: {fileID: 0}
  m_GameObject: {fileID: 239291213557551153}
  m_Enabled: 1
  m_EditorHideFlags: 0
  m_Script: {fileID: 11500000, guid: 1874989c5e2da094ea00112c6a895694, type: 3}
  m_Name: 
  m_EditorClassIdentifier: 
--- !u!114 &4540545557178338324
MonoBehaviour:
  m_ObjectHideFlags: 0
  m_CorrespondingSourceObject: {fileID: 0}
  m_PrefabInstance: {fileID: 0}
  m_PrefabAsset: {fileID: 0}
  m_GameObject: {fileID: 239291213557551153}
  m_Enabled: 1
  m_EditorHideFlags: 0
  m_Script: {fileID: 11500000, guid: 74efee4889073914b8ae070d65688ce4, type: 3}
  m_Name: 
  m_EditorClassIdentifier: 
  InitialOpacity: 1
--- !u!1 &1403976570838120885
GameObject:
  m_ObjectHideFlags: 0
  m_CorrespondingSourceObject: {fileID: 0}
  m_PrefabInstance: {fileID: 0}
  m_PrefabAsset: {fileID: 0}
  serializedVersion: 6
  m_Component:
  - component: {fileID: 932734335422215689}
  - component: {fileID: 6988283908679670219}
  - component: {fileID: 9185588616426300213}
  - component: {fileID: 6687531007029024791}
  - component: {fileID: 7172535298603195925}
  m_Layer: 0
  m_Name: TemplePillarSpriteSheet
  m_TagString: Untagged
  m_Icon: {fileID: 0}
  m_NavMeshLayer: 0
  m_StaticEditorFlags: 0
  m_IsActive: 1
--- !u!4 &932734335422215689
Transform:
  m_ObjectHideFlags: 0
  m_CorrespondingSourceObject: {fileID: 0}
  m_PrefabInstance: {fileID: 0}
  m_PrefabAsset: {fileID: 0}
  m_GameObject: {fileID: 1403976570838120885}
  m_LocalRotation: {x: -0, y: -0, z: -0, w: 1}
  m_LocalPosition: {x: 0, y: 0, z: 0}
  m_LocalScale: {x: 1, y: 1, z: 1}
  m_Children: []
  m_Father: {fileID: 4637370121654004}
  m_RootOrder: 2
  m_LocalEulerAnglesHint: {x: 0, y: 0, z: 0}
--- !u!33 &6988283908679670219
MeshFilter:
  m_ObjectHideFlags: 0
  m_CorrespondingSourceObject: {fileID: 0}
  m_PrefabInstance: {fileID: 0}
  m_PrefabAsset: {fileID: 0}
  m_GameObject: {fileID: 1403976570838120885}
  m_Mesh: {fileID: 4300020, guid: 9493be8b5616b2f42bad0e32fe01aba1, type: 3}
--- !u!23 &9185588616426300213
MeshRenderer:
  m_ObjectHideFlags: 0
  m_CorrespondingSourceObject: {fileID: 0}
  m_PrefabInstance: {fileID: 0}
  m_PrefabAsset: {fileID: 0}
  m_GameObject: {fileID: 1403976570838120885}
  m_Enabled: 1
  m_CastShadows: 0
  m_ReceiveShadows: 0
  m_DynamicOccludee: 1
  m_MotionVectors: 1
  m_LightProbeUsage: 1
  m_ReflectionProbeUsage: 0
  m_RenderingLayerMask: 1
  m_RendererPriority: 0
  m_Materials:
  - {fileID: 2100000, guid: 804f71669c654d44c966f63eaec6c261, type: 2}
  m_StaticBatchInfo:
    firstSubMesh: 0
    subMeshCount: 0
  m_StaticBatchRoot: {fileID: 0}
  m_ProbeAnchor: {fileID: 0}
  m_LightProbeVolumeOverride: {fileID: 0}
  m_ScaleInLightmap: 1
  m_PreserveUVs: 0
  m_IgnoreNormalsForChartDetection: 0
  m_ImportantGI: 0
  m_StitchLightmapSeams: 0
  m_SelectedEditorRenderState: 3
  m_MinimumChartSize: 4
  m_AutoUVMaxDistance: 0.5
  m_AutoUVMaxAngle: 89
  m_LightmapParameters: {fileID: 0}
  m_SortingLayerID: 0
  m_SortingLayer: 0
  m_SortingOrder: 2
--- !u!114 &6687531007029024791
MonoBehaviour:
  m_ObjectHideFlags: 0
  m_CorrespondingSourceObject: {fileID: 0}
  m_PrefabInstance: {fileID: 0}
  m_PrefabAsset: {fileID: 0}
  m_GameObject: {fileID: 1403976570838120885}
  m_Enabled: 1
  m_EditorHideFlags: 0
  m_Script: {fileID: 11500000, guid: 1874989c5e2da094ea00112c6a895694, type: 3}
  m_Name: 
  m_EditorClassIdentifier: 
--- !u!114 &7172535298603195925
MonoBehaviour:
  m_ObjectHideFlags: 0
  m_CorrespondingSourceObject: {fileID: 0}
  m_PrefabInstance: {fileID: 0}
  m_PrefabAsset: {fileID: 0}
  m_GameObject: {fileID: 1403976570838120885}
  m_Enabled: 1
  m_EditorHideFlags: 0
  m_Script: {fileID: 11500000, guid: 74efee4889073914b8ae070d65688ce4, type: 3}
  m_Name: 
  m_EditorClassIdentifier: 
  InitialOpacity: 1
--- !u!1 &2253071215494600458
GameObject:
  m_ObjectHideFlags: 0
  m_CorrespondingSourceObject: {fileID: 0}
  m_PrefabInstance: {fileID: 0}
  m_PrefabAsset: {fileID: 0}
  serializedVersion: 6
  m_Component:
  - component: {fileID: 7000149977131154519}
  - component: {fileID: 7098003989827315864}
  m_Layer: 0
  m_Name: Collision
  m_TagString: Untagged
  m_Icon: {fileID: 0}
  m_NavMeshLayer: 0
  m_StaticEditorFlags: 0
  m_IsActive: 1
--- !u!4 &7000149977131154519
Transform:
  m_ObjectHideFlags: 0
  m_CorrespondingSourceObject: {fileID: 0}
  m_PrefabInstance: {fileID: 0}
  m_PrefabAsset: {fileID: 0}
  m_GameObject: {fileID: 2253071215494600458}
  m_LocalRotation: {x: -0, y: -0, z: -0, w: 1}
  m_LocalPosition: {x: 0, y: 0, z: 0}
  m_LocalScale: {x: 1, y: 1, z: 1}
  m_Children: []
  m_Father: {fileID: 4637370121654004}
  m_RootOrder: 3
  m_LocalEulerAnglesHint: {x: 0, y: 0, z: 0}
--- !u!60 &7098003989827315864
PolygonCollider2D:
  m_ObjectHideFlags: 0
  m_CorrespondingSourceObject: {fileID: 0}
  m_PrefabInstance: {fileID: 0}
  m_PrefabAsset: {fileID: 0}
  m_GameObject: {fileID: 2253071215494600458}
  m_Enabled: 1
  m_Density: 1
  m_Material: {fileID: 0}
  m_IsTrigger: 0
  m_UsedByEffector: 0
  m_UsedByComposite: 0
  m_Offset: {x: 0, y: 0}
  m_SpriteTilingProperty:
    border: {x: 0, y: 0, z: 0, w: 0}
    pivot: {x: 0, y: 0}
    oldSize: {x: 0, y: 0}
    newSize: {x: 0, y: 0}
    adaptiveTilingThreshold: 0
    drawMode: 0
    adaptiveTiling: 0
  m_AutoTiling: 0
  m_Points:
    m_Paths:
    - - {x: 129, y: 0}
      - {x: 127, y: 0}
      - {x: 127, y: -1}
      - {x: 129, y: -1}
    - - {x: 87, y: 0}
      - {x: 86, y: 0}
      - {x: 86, y: -1}
      - {x: 87, y: -1}
    - - {x: 90, y: 0}
      - {x: 89, y: 0}
      - {x: 89, y: -1}
      - {x: 90, y: -1}
    - - {x: 69, y: -1}
      - {x: 68, y: -1}
      - {x: 68, y: -2}
      - {x: 69, y: -2}
    - - {x: 116.25, y: -4}
      - {x: 125, y: -4}
      - {x: 125, y: -3}
      - {x: 125.25, y: -3}
      - {x: 125.25, y: -4}
      - {x: 127, y: -4}
      - {x: 127, y: -1}
      - {x: 125, y: -1}
      - {x: 125, y: -2}
      - {x: 123, y: -2}
      - {x: 123, y: -3}
      - {x: 116.25, y: -3}
    - - {x: 116.25, y: -2}
      - {x: 113.25, y: -2}
      - {x: 113.25, y: -3}
      - {x: 116.25, y: -3}
    - - {x: 110.25, y: -2}
      - {x: 105.25, y: -2}
      - {x: 105.25, y: -3}
      - {x: 110.25, y: -3}
    - - {x: 96, y: -2}
      - {x: 94, y: -2}
      - {x: 94, y: -3}
      - {x: 93.25, y: -3}
      - {x: 93.25, y: -2}
      - {x: 89, y: -2}
      - {x: 89, y: -1}
      - {x: 87, y: -1}
      - {x: 87, y: -2}
      - {x: 83.25, y: -2}
      - {x: 83.25, y: -3}
      - {x: 88, y: -3}
      - {x: 88, y: -2}
      - {x: 88.25, y: -2}
      - {x: 88.25, y: -3}
      - {x: 93.25, y: -3}
      - {x: 93.25, y: -4}
      - {x: 95.25, y: -4}
      - {x: 95.25, y: -5}
      - {x: 100.25, y: -5}
      - {x: 100.25, y: -6}
      - {x: 101.25, y: -6}
      - {x: 101.25, y: -5}
      - {x: 101, y: -5}
      - {x: 101, y: -4}
      - {x: 101.25, y: -4}
      - {x: 101.25, y: -5}
      - {x: 102.25, y: -5}
      - {x: 102.25, y: -4}
      - {x: 102, y: -4}
      - {x: 102, y: -3}
      - {x: 96, y: -3}
    - - {x: 69, y: -3}
      - {x: 62.25, y: -3}
      - {x: 62.25, y: -2}
      - {x: 60.25, y: -2}
      - {x: 60.25, y: -3}
      - {x: 62.25, y: -3}
      - {x: 62.25, y: -4}
      - {x: 68.25, y: -4}
      - {x: 68.25, y: -5}
      - {x: 71, y: -5}
      - {x: 71, y: -4}
      - {x: 71.25, y: -4}
      - {x: 71.25, y: -5}
      - {x: 76.25, y: -5}
      - {x: 76.25, y: -4}
      - {x: 76, y: -4}
      - {x: 76, y: -3}
      - {x: 73, y: -3}
      - {x: 73, y: -2}
      - {x: 72, y: -2}
      - {x: 72, y: -3}
      - {x: 71, y: -3}
      - {x: 71, y: -2}
      - {x: 69, y: -2}
    - - {x: 56.25, y: -2}
      - {x: 51.25, y: -2}
      - {x: 51.25, y: -3}
      - {x: 56.25, y: -3}
    - - {x: 49.25, y: -2}
      - {x: 40.25, y: -2}
      - {x: 40.25, y: -3}
      - {x: 49.25, y: -3}
    - - {x: 40.25, y: -3}
      - {x: 32.25, y: -3}
      - {x: 32.25, y: -4}
      - {x: 40.25, y: -4}
    - - {x: 113.25, y: -5}
      - {x: 113, y: -5}
      - {x: 113, y: -3}
      - {x: 110.25, y: -3}
      - {x: 110.25, y: -4}
      - {x: 112, y: -4}
      - {x: 112, y: -5}
      - {x: 112.25, y: -5}
      - {x: 112.25, y: -6}
      - {x: 113.25, y: -6}
    - - {x: 105.25, y: -3}
      - {x: 102.25, y: -3}
      - {x: 102.25, y: -4}
      - {x: 105.25, y: -4}
    - - {x: 76.25, y: -4}
      - {x: 83.25, y: -4}
      - {x: 83.25, y: -3}
      - {x: 76.25, y: -3}
    - - {x: 49.25, y: -4}
      - {x: 50, y: -4}
      - {x: 50, y: -5}
      - {x: 50.25, y: -5}
      - {x: 50.25, y: -6}
      - {x: 51.25, y: -6}
      - {x: 51.25, y: -5}
      - {x: 51, y: -5}
      - {x: 51, y: -3}
      - {x: 49.25, y: -3}
    - - {x: 129.25, y: -3}
      - {x: 127.25, y: -3}
      - {x: 127.25, y: -4}
      - {x: 129.25, y: -4}
    - - {x: 153.25, y: -5}
      - {x: 153, y: -5}
      - {x: 153, y: -4}
      - {x: 152, y: -4}
      - {x: 152, y: -5}
      - {x: 152.25, y: -5}
      - {x: 152.25, y: -6}
      - {x: 153.25, y: -6}
    - - {x: 11.25, y: -5}
      - {x: 23.25, y: -5}
      - {x: 23.25, y: -4}
      - {x: 11.25, y: -4}
    - - {x: 6.25, y: -4}
      - {x: 4.25, y: -4}
      - {x: 4.25, y: -5}
      - {x: 6.25, y: -5}
    - - {x: 10.25, y: -4}
      - {x: 9.25, y: -4}
      - {x: 9.25, y: -5}
      - {x: 10.25, y: -5}
    - - {x: 26.25, y: -6}
      - {x: 32.25, y: -6}
      - {x: 32.25, y: -5}
      - {x: 26.25, y: -5}
    - - {x: 4.25, y: -6}
      - {x: 3.25, y: -6}
      - {x: 3.25, y: -7}
      - {x: 4.25, y: -7}
    - - {x: 164, y: -10}
      - {x: 171, y: -10}
      - {x: 171, y: -9}
      - {x: 164, y: -9}
    - - {x: 159, y: -14}
      - {x: 162, y: -14}
      - {x: 162, y: -12}
      - {x: 159, y: -12}
    - - {x: 77, y: -13}
      - {x: 76, y: -13}
      - {x: 76, y: -15}
      - {x: 77, y: -15}
    - - {x: 99, y: -16}
      - {x: 99, y: -17}
      - {x: 100, y: -17}
      - {x: 100, y: -18}
      - {x: 99, y: -18}
      - {x: 99, y: -19}
      - {x: 100, y: -19}
      - {x: 100, y: -20}
      - {x: 101, y: -20}
      - {x: 101, y: -19}
      - {x: 103, y: -19}
      - {x: 103, y: -16}
      - {x: 104, y: -16}
      - {x: 104, y: -15}
      - {x: 102, y: -15}
      - {x: 102, y: -16}
      - {x: 101, y: -16}
      - {x: 101, y: -17}
      - {x: 100, y: -17}
      - {x: 100, y: -16}
    - - {x: 78, y: -15}
      - {x: 77, y: -15}
      - {x: 77, y: -18}
      - {x: 78, y: -18}
    - - {x: 82, y: -18}
      - {x: 83, y: -18}
      - {x: 83, y: -16}
      - {x: 82, y: -16}
      - {x: 82, y: -17}
      - {x: 81, y: -17}
      - {x: 81, y: -19}
      - {x: 82, y: -19}
    - - {x: 86, y: -19}
      - {x: 87, y: -19}
      - {x: 87, y: -18}
      - {x: 88, y: -18}
      - {x: 88, y: -16}
      - {x: 87, y: -16}
      - {x: 87, y: -17}
      - {x: 86, y: -17}
      - {x: 86, y: -18}
      - {x: 85, y: -18}
      - {x: 85, y: -20}
      - {x: 86, y: -20}
    - - {x: 105, y: -16}
      - {x: 104, y: -16}
      - {x: 104, y: -17}
      - {x: 105, y: -17}
    - - {x: 95, y: -17}
      - {x: 94, y: -17}
      - {x: 94, y: -18}
      - {x: 95, y: -18}
    - - {x: 143, y: -21}
      - {x: 143, y: -20}
      - {x: 146, y: -20}
      - {x: 146, y: -19}
      - {x: 148, y: -19}
      - {x: 148, y: -18}
      - {x: 144, y: -18}
      - {x: 144, y: -19}
      - {x: 141, y: -19}
      - {x: 141, y: -21}
    - - {x: 93, y: -19}
      - {x: 94, y: -19}
      - {x: 94, y: -18}
      - {x: 92, y: -18}
      - {x: 92, y: -19}
      - {x: 91, y: -19}
      - {x: 91, y: -20}
      - {x: 93, y: -20}
    - - {x: 81, y: -19}
      - {x: 80, y: -19}
      - {x: 80, y: -20}
      - {x: 81, y: -20}
    - - {x: 104, y: -19}
      - {x: 103, y: -19}
      - {x: 103, y: -20}
      - {x: 104, y: -20}
    - - {x: 100, y: -20}
      - {x: 99, y: -20}
      - {x: 99, y: -21}
      - {x: 100, y: -21}
--- !u!1 &4342992832489433118
GameObject:
  m_ObjectHideFlags: 0
  m_CorrespondingSourceObject: {fileID: 0}
  m_PrefabInstance: {fileID: 0}
  m_PrefabAsset: {fileID: 0}
  serializedVersion: 6
  m_Component:
  - component: {fileID: 3185779024463148703}
  - component: {fileID: 6454086040571809659}
  m_Layer: 0
  m_Name: Collision
  m_TagString: Untagged
  m_Icon: {fileID: 0}
  m_NavMeshLayer: 0
  m_StaticEditorFlags: 0
  m_IsActive: 1
--- !u!4 &3185779024463148703
Transform:
  m_ObjectHideFlags: 0
  m_CorrespondingSourceObject: {fileID: 0}
  m_PrefabInstance: {fileID: 0}
  m_PrefabAsset: {fileID: 0}
  m_GameObject: {fileID: 4342992832489433118}
  m_LocalRotation: {x: -0, y: -0, z: -0, w: 1}
  m_LocalPosition: {x: 0, y: 0, z: 0}
  m_LocalScale: {x: 1, y: 1, z: 1}
  m_Children: []
  m_Father: {fileID: 4638807304945246}
  m_RootOrder: 2
  m_LocalEulerAnglesHint: {x: 0, y: 0, z: 0}
--- !u!60 &6454086040571809659
PolygonCollider2D:
  m_ObjectHideFlags: 0
  m_CorrespondingSourceObject: {fileID: 0}
  m_PrefabInstance: {fileID: 0}
  m_PrefabAsset: {fileID: 0}
  m_GameObject: {fileID: 4342992832489433118}
  m_Enabled: 1
  m_Density: 1
  m_Material: {fileID: 0}
  m_IsTrigger: 0
  m_UsedByEffector: 0
  m_UsedByComposite: 0
  m_Offset: {x: 0, y: 0}
  m_SpriteTilingProperty:
    border: {x: 0, y: 0, z: 0, w: 0}
    pivot: {x: 0, y: 0}
    oldSize: {x: 0, y: 0}
    newSize: {x: 0, y: 0}
    adaptiveTilingThreshold: 0
    drawMode: 0
    adaptiveTiling: 0
  m_AutoTiling: 0
  m_Points:
    m_Paths:
    - - {x: 131, y: -4}
      - {x: 131, y: -6}
      - {x: 131.25, y: -6}
      - {x: 131.25, y: -7}
      - {x: 132.25, y: -7}
      - {x: 132.25, y: -6}
      - {x: 132, y: -6}
      - {x: 132, y: -4}
      - {x: 132.25, y: -4}
      - {x: 132.25, y: -5}
      - {x: 133.25, y: -5}
      - {x: 133.25, y: -4}
      - {x: 133, y: -4}
      - {x: 133, y: -2}
      - {x: 133.25, y: -2}
      - {x: 133.25, y: -3}
      - {x: 134.25, y: -3}
      - {x: 134.25, y: -2}
      - {x: 134, y: -2}
      - {x: 134, y: -1}
      - {x: 134.25, y: -1}
      - {x: 134.25, y: -2}
      - {x: 145, y: -2}
      - {x: 145, y: -3}
      - {x: 146, y: -3}
      - {x: 146, y: -5}
      - {x: 147, y: -5}
      - {x: 147, y: -7}
      - {x: 148, y: -7}
      - {x: 148, y: -4}
      - {x: 148.25, y: -4}
      - {x: 148.25, y: -5}
      - {x: 149.25, y: -5}
      - {x: 149.25, y: -4}
      - {x: 150, y: -4}
      - {x: 150, y: -2}
      - {x: 150.25, y: -2}
      - {x: 150.25, y: -3}
      - {x: 151.25, y: -3}
      - {x: 151.25, y: -2}
      - {x: 151, y: -2}
      - {x: 151, y: -1}
      - {x: 151.25, y: -1}
      - {x: 151.25, y: -2}
      - {x: 154.25, y: -2}
      - {x: 154.25, y: -1}
      - {x: 154, y: -1}
      - {x: 154, y: 0}
      - {x: 4.25, y: 0}
      - {x: 4.25, y: -1}
      - {x: 11.25, y: -1}
      - {x: 11.25, y: -2}
      - {x: 20, y: -2}
      - {x: 20, y: -3}
      - {x: 20.25, y: -3}
      - {x: 20.25, y: -4}
      - {x: 21.25, y: -4}
      - {x: 21.25, y: -3}
      - {x: 21, y: -3}
      - {x: 21, y: -1}
      - {x: 21.25, y: -1}
      - {x: 21.25, y: -2}
      - {x: 26, y: -2}
      - {x: 26, y: -1}
      - {x: 26.25, y: -1}
      - {x: 26.25, y: -2}
      - {x: 29.25, y: -2}
      - {x: 29.25, y: -3}
      - {x: 30.25, y: -3}
      - {x: 30.25, y: -2}
      - {x: 30, y: -2}
      - {x: 30, y: -1}
      - {x: 30.25, y: -1}
      - {x: 30.25, y: -2}
      - {x: 37.25, y: -2}
      - {x: 37.25, y: -3}
      - {x: 39, y: -3}
      - {x: 39, y: -4}
      - {x: 39.25, y: -4}
      - {x: 39.25, y: -5}
      - {x: 40.25, y: -5}
      - {x: 40.25, y: -4}
      - {x: 40, y: -4}
      - {x: 40, y: -2}
      - {x: 40.25, y: -2}
      - {x: 40.25, y: -3}
      - {x: 41.25, y: -3}
      - {x: 41.25, y: -2}
      - {x: 41, y: -2}
      - {x: 41, y: -1}
      - {x: 41.25, y: -1}
      - {x: 41.25, y: -2}
      - {x: 52, y: -2}
      - {x: 52, y: -4}
      - {x: 53, y: -4}
      - {x: 53, y: -3}
      - {x: 53.25, y: -3}
      - {x: 53.25, y: -4}
      - {x: 56.25, y: -4}
      - {x: 56.25, y: -3}
      - {x: 57, y: -3}
      - {x: 57, y: -2}
      - {x: 57.25, y: -2}
      - {x: 57.25, y: -3}
      - {x: 58.25, y: -3}
      - {x: 58.25, y: -2}
      - {x: 58, y: -2}
      - {x: 58, y: -1}
      - {x: 58.25, y: -1}
      - {x: 58.25, y: -2}
      - {x: 61.25, y: -2}
      - {x: 61.25, y: -3}
      - {x: 72, y: -3}
      - {x: 72, y: -2}
      - {x: 72.25, y: -2}
      - {x: 72.25, y: -3}
      - {x: 75, y: -3}
      - {x: 75, y: -5}
      - {x: 75.25, y: -5}
      - {x: 75.25, y: -6}
      - {x: 76.25, y: -6}
      - {x: 76.25, y: -5}
      - {x: 76, y: -5}
      - {x: 76, y: -4}
      - {x: 76.25, y: -4}
      - {x: 76.25, y: -5}
      - {x: 77.25, y: -5}
      - {x: 77.25, y: -4}
      - {x: 77, y: -4}
      - {x: 77, y: -1}
      - {x: 77.25, y: -1}
      - {x: 77.25, y: -2}
      - {x: 83.25, y: -2}
      - {x: 83.25, y: -3}
      - {x: 88, y: -3}
      - {x: 88, y: -5}
      - {x: 88.25, y: -5}
      - {x: 88.25, y: -6}
      - {x: 89.25, y: -6}
      - {x: 89.25, y: -5}
      - {x: 89, y: -5}
      - {x: 89, y: -3}
      - {x: 89.25, y: -3}
      - {x: 89.25, y: -4}
      - {x: 90.25, y: -4}
      - {x: 90.25, y: -3}
      - {x: 90, y: -3}
      - {x: 90, y: -2}
      - {x: 90.25, y: -2}
      - {x: 90.25, y: -3}
      - {x: 94.25, y: -3}
      - {x: 94.25, y: -2}
      - {x: 94, y: -2}
      - {x: 94, y: -1}
      - {x: 94.25, y: -1}
      - {x: 94.25, y: -2}
      - {x: 95.25, y: -2}
      - {x: 95.25, y: -3}
      - {x: 96, y: -3}
      - {x: 96, y: -4}
      - {x: 98, y: -4}
      - {x: 98, y: -6}
      - {x: 100, y: -6}
      - {x: 100, y: -5}
      - {x: 100.25, y: -5}
      - {x: 100.25, y: -6}
      - {x: 101.25, y: -6}
      - {x: 101.25, y: -5}
      - {x: 102, y: -5}
      - {x: 102, y: -3}
      - {x: 102.25, y: -3}
      - {x: 102.25, y: -4}
      - {x: 104, y: -4}
      - {x: 104, y: -3}
      - {x: 104.25, y: -3}
      - {x: 104.25, y: -4}
      - {x: 111.25, y: -4}
      - {x: 111.25, y: -3}
      - {x: 111, y: -3}
      - {x: 111, y: -2}
      - {x: 111.25, y: -2}
      - {x: 111.25, y: -3}
      - {x: 115, y: -3}
      - {x: 115, y: -4}
      - {x: 117, y: -4}
      - {x: 117, y: -5}
      - {x: 118, y: -5}
      - {x: 118, y: -6}
      - {x: 118.25, y: -6}
      - {x: 118.25, y: -7}
      - {x: 119.25, y: -7}
      - {x: 119.25, y: -6}
      - {x: 119, y: -6}
      - {x: 119, y: -4}
      - {x: 119.25, y: -4}
      - {x: 119.25, y: -5}
      - {x: 120.25, y: -5}
      - {x: 120.25, y: -4}
      - {x: 120, y: -4}
      - {x: 120, y: -3}
      - {x: 120.25, y: -3}
      - {x: 120.25, y: -4}
      - {x: 121.25, y: -4}
      - {x: 121.25, y: -3}
      - {x: 121, y: -3}
      - {x: 121, y: -2}
      - {x: 121.25, y: -2}
      - {x: 121.25, y: -3}
      - {x: 130.25, y: -3}
      - {x: 130.25, y: -4}
    - - {x: 175, y: 0}
      - {x: 154.25, y: 0}
      - {x: 154.25, y: -1}
      - {x: 159.25, y: -1}
      - {x: 159.25, y: -2}
      - {x: 160.25, y: -2}
      - {x: 160.25, y: -3}
      - {x: 162.25, y: -3}
      - {x: 162.25, y: -4}
      - {x: 163.25, y: -4}
      - {x: 163.25, y: -5}
      - {x: 164.25, y: -5}
      - {x: 164.25, y: -4}
      - {x: 164, y: -4}
      - {x: 164, y: -3}
      - {x: 164.25, y: -3}
      - {x: 164.25, y: -4}
      - {x: 165.25, y: -4}
      - {x: 165.25, y: -3}
      - {x: 165, y: -3}
      - {x: 165, y: -2}
      - {x: 165.25, y: -2}
      - {x: 165.25, y: -3}
      - {x: 173, y: -3}
      - {x: 173, y: -8}
      - {x: 173.25, y: -8}
      - {x: 173.25, y: -9}
      - {x: 174, y: -9}
      - {x: 174, y: -10}
      - {x: 173, y: -10}
      - {x: 173, y: -11}
      - {x: 172, y: -11}
      - {x: 172, y: -12}
      - {x: 171, y: -12}
      - {x: 171, y: -13}
      - {x: 164, y: -13}
      - {x: 164, y: -10}
      - {x: 163, y: -10}
      - {x: 163, y: -12}
      - {x: 162, y: -12}
      - {x: 162, y: -13}
      - {x: 159, y: -13}
      - {x: 159, y: -14}
      - {x: 158, y: -14}
      - {x: 158, y: -13}
      - {x: 156, y: -13}
      - {x: 156, y: -14}
      - {x: 153, y: -14}
      - {x: 153, y: -15}
      - {x: 152, y: -15}
      - {x: 152, y: -16}
      - {x: 147, y: -16}
      - {x: 147, y: -15}
      - {x: 145, y: -15}
      - {x: 145, y: -14}
      - {x: 144, y: -14}
      - {x: 144, y: -16}
      - {x: 135, y: -16}
      - {x: 135, y: -14}
      - {x: 134, y: -14}
      - {x: 134, y: -15}
      - {x: 132, y: -15}
      - {x: 132, y: -16}
      - {x: 129, y: -16}
      - {x: 129, y: -15}
      - {x: 120, y: -15}
      - {x: 120, y: -13}
      - {x: 119, y: -13}
      - {x: 119, y: -14}
      - {x: 118, y: -14}
      - {x: 118, y: -15}
      - {x: 116, y: -15}
      - {x: 116, y: -16}
      - {x: 111, y: -16}
      - {x: 111, y: -17}
      - {x: 106, y: -17}
      - {x: 106, y: -14}
      - {x: 105, y: -14}
      - {x: 105, y: -15}
      - {x: 104, y: -15}
      - {x: 104, y: -16}
      - {x: 103, y: -16}
      - {x: 103, y: -17}
      - {x: 98, y: -17}
      - {x: 98, y: -15}
      - {x: 95, y: -15}
      - {x: 95, y: -14}
      - {x: 94, y: -14}
      - {x: 94, y: -16}
      - {x: 93, y: -16}
      - {x: 93, y: -18}
      - {x: 92, y: -18}
      - {x: 92, y: -19}
      - {x: 89, y: -19}
      - {x: 89, y: -17}
      - {x: 88, y: -17}
      - {x: 88, y: -16}
      - {x: 87, y: -16}
      - {x: 87, y: -18}
      - {x: 84, y: -18}
      - {x: 84, y: -17}
      - {x: 80, y: -17}
      - {x: 80, y: -16}
      - {x: 77, y: -16}
      - {x: 77, y: -14}
      - {x: 76, y: -14}
      - {x: 76, y: -15}
      - {x: 75, y: -15}
      - {x: 75, y: -16}
      - {x: 74, y: -16}
      - {x: 74, y: -17}
      - {x: 73, y: -17}
      - {x: 73, y: -16}
      - {x: 69, y: -16}
      - {x: 69, y: -15}
      - {x: 68, y: -15}
      - {x: 68, y: -14}
      - {x: 67, y: -14}
      - {x: 67, y: -15}
      - {x: 65, y: -15}
      - {x: 65, y: -16}
      - {x: 64, y: -16}
      - {x: 64, y: -17}
      - {x: 57, y: -17}
      - {x: 57, y: -12}
      - {x: 51, y: -12}
      - {x: 51, y: -11}
      - {x: 49, y: -11}
      - {x: 49, y: -12}
      - {x: 46, y: -12}
      - {x: 46, y: -10}
      - {x: 45, y: -10}
      - {x: 45, y: -11}
      - {x: 44, y: -11}
      - {x: 44, y: -12}
      - {x: 42, y: -12}
      - {x: 42, y: -11}
      - {x: 41, y: -11}
      - {x: 41, y: -14}
      - {x: 39, y: -14}
      - {x: 39, y: -15}
      - {x: 38, y: -15}
      - {x: 38, y: -14}
      - {x: 37, y: -14}
      - {x: 37, y: -15}
      - {x: 36, y: -15}
      - {x: 36, y: -14}
      - {x: 33, y: -14}
      - {x: 33, y: -13}
      - {x: 32, y: -13}
      - {x: 32, y: -12}
      - {x: 31, y: -12}
      - {x: 31, y: -14}
      - {x: 30, y: -14}
      - {x: 30, y: -15}
      - {x: 26, y: -15}
      - {x: 26, y: -14}
      - {x: 17, y: -14}
      - {x: 17, y: -13}
      - {x: 16, y: -13}
      - {x: 16, y: -11}
      - {x: 15, y: -11}
      - {x: 15, y: -12}
      - {x: 14, y: -12}
      - {x: 14, y: -14}
      - {x: 12, y: -14}
      - {x: 12, y: -13}
      - {x: 4, y: -13}
      - {x: 4, y: -12}
      - {x: 3, y: -12}
      - {x: 3, y: -11}
      - {x: 1, y: -11}
      - {x: 1, y: -2}
      - {x: 1.25, y: -2}
      - {x: 1.25, y: -3}
      - {x: 2.25, y: -3}
      - {x: 2.25, y: -2}
      - {x: 2, y: -2}
      - {x: 2, y: -1}
      - {x: 4, y: -1}
      - {x: 4, y: 0}
      - {x: 0, y: 0}
      - {x: 0, y: -24}
      - {x: 175, y: -24}
--- !u!1 &5761158562134648809
GameObject:
  m_ObjectHideFlags: 0
  m_CorrespondingSourceObject: {fileID: 0}
  m_PrefabInstance: {fileID: 0}
  m_PrefabAsset: {fileID: 0}
  serializedVersion: 6
  m_Component:
  - component: {fileID: 3991505607550243431}
  - component: {fileID: 1430806888421626357}
  - component: {fileID: 6058099210725294573}
  - component: {fileID: 5165715023810035019}
  - component: {fileID: 3189210903774192231}
  m_Layer: 0
  m_Name: DarkVinex32
  m_TagString: Untagged
  m_Icon: {fileID: 0}
  m_NavMeshLayer: 0
  m_StaticEditorFlags: 0
  m_IsActive: 1
--- !u!4 &3991505607550243431
Transform:
  m_ObjectHideFlags: 0
  m_CorrespondingSourceObject: {fileID: 0}
  m_PrefabInstance: {fileID: 0}
  m_PrefabAsset: {fileID: 0}
  m_GameObject: {fileID: 5761158562134648809}
  m_LocalRotation: {x: -0, y: -0, z: -0, w: 1}
  m_LocalPosition: {x: 0, y: 0, z: 0}
  m_LocalScale: {x: 1, y: 1, z: 1}
  m_Children: []
  m_Father: {fileID: 4638807304945246}
  m_RootOrder: 1
  m_LocalEulerAnglesHint: {x: 0, y: 0, z: 0}
--- !u!33 &1430806888421626357
MeshFilter:
  m_ObjectHideFlags: 0
  m_CorrespondingSourceObject: {fileID: 0}
  m_PrefabInstance: {fileID: 0}
  m_PrefabAsset: {fileID: 0}
  m_GameObject: {fileID: 5761158562134648809}
  m_Mesh: {fileID: 4300024, guid: 9493be8b5616b2f42bad0e32fe01aba1, type: 3}
--- !u!23 &6058099210725294573
MeshRenderer:
  m_ObjectHideFlags: 0
  m_CorrespondingSourceObject: {fileID: 0}
  m_PrefabInstance: {fileID: 0}
  m_PrefabAsset: {fileID: 0}
  m_GameObject: {fileID: 5761158562134648809}
  m_Enabled: 1
  m_CastShadows: 0
  m_ReceiveShadows: 0
  m_DynamicOccludee: 1
  m_MotionVectors: 1
  m_LightProbeUsage: 1
  m_ReflectionProbeUsage: 0
  m_RenderingLayerMask: 1
  m_RendererPriority: 0
  m_Materials:
  - {fileID: 2100000, guid: 056e03fceb16dd346bf843379e6b67fa, type: 2}
  m_StaticBatchInfo:
    firstSubMesh: 0
    subMeshCount: 0
  m_StaticBatchRoot: {fileID: 0}
  m_ProbeAnchor: {fileID: 0}
  m_LightProbeVolumeOverride: {fileID: 0}
  m_ScaleInLightmap: 1
  m_PreserveUVs: 0
  m_IgnoreNormalsForChartDetection: 0
  m_ImportantGI: 0
  m_StitchLightmapSeams: 0
  m_SelectedEditorRenderState: 3
  m_MinimumChartSize: 4
  m_AutoUVMaxDistance: 0.5
  m_AutoUVMaxAngle: 89
  m_LightmapParameters: {fileID: 0}
  m_SortingLayerID: 0
  m_SortingLayer: 0
  m_SortingOrder: 3
--- !u!114 &5165715023810035019
MonoBehaviour:
  m_ObjectHideFlags: 0
  m_CorrespondingSourceObject: {fileID: 0}
  m_PrefabInstance: {fileID: 0}
  m_PrefabAsset: {fileID: 0}
  m_GameObject: {fileID: 5761158562134648809}
  m_Enabled: 1
  m_EditorHideFlags: 0
  m_Script: {fileID: 11500000, guid: 1874989c5e2da094ea00112c6a895694, type: 3}
  m_Name: 
  m_EditorClassIdentifier: 
--- !u!114 &3189210903774192231
MonoBehaviour:
  m_ObjectHideFlags: 0
  m_CorrespondingSourceObject: {fileID: 0}
  m_PrefabInstance: {fileID: 0}
  m_PrefabAsset: {fileID: 0}
  m_GameObject: {fileID: 5761158562134648809}
  m_Enabled: 1
  m_EditorHideFlags: 0
  m_Script: {fileID: 11500000, guid: 74efee4889073914b8ae070d65688ce4, type: 3}
  m_Name: 
  m_EditorClassIdentifier: 
  InitialOpacity: 1
--- !u!1 &6243224599264232438
GameObject:
  m_ObjectHideFlags: 0
  m_CorrespondingSourceObject: {fileID: 0}
  m_PrefabInstance: {fileID: 0}
  m_PrefabAsset: {fileID: 0}
  serializedVersion: 6
  m_Component:
  - component: {fileID: 550268678872561846}
  - component: {fileID: 6518044617741907968}
  - component: {fileID: 2740015705386896634}
  - component: {fileID: 3594064660519249856}
  - component: {fileID: 3167532028473227264}
  m_Layer: 0
  m_Name: TerrainSpriteSheet
  m_TagString: Untagged
  m_Icon: {fileID: 0}
  m_NavMeshLayer: 0
  m_StaticEditorFlags: 0
  m_IsActive: 1
--- !u!4 &550268678872561846
Transform:
  m_ObjectHideFlags: 0
  m_CorrespondingSourceObject: {fileID: 0}
  m_PrefabInstance: {fileID: 0}
  m_PrefabAsset: {fileID: 0}
  m_GameObject: {fileID: 6243224599264232438}
  m_LocalRotation: {x: -0, y: -0, z: -0, w: 1}
  m_LocalPosition: {x: 0, y: 0, z: 0}
  m_LocalScale: {x: 1, y: 1, z: 1}
  m_Children: []
  m_Father: {fileID: 4638807304945246}
  m_RootOrder: 0
  m_LocalEulerAnglesHint: {x: 0, y: 0, z: 0}
--- !u!33 &6518044617741907968
MeshFilter:
  m_ObjectHideFlags: 0
  m_CorrespondingSourceObject: {fileID: 0}
  m_PrefabInstance: {fileID: 0}
  m_PrefabAsset: {fileID: 0}
  m_GameObject: {fileID: 6243224599264232438}
  m_Mesh: {fileID: 4300022, guid: 9493be8b5616b2f42bad0e32fe01aba1, type: 3}
--- !u!23 &2740015705386896634
MeshRenderer:
  m_ObjectHideFlags: 0
  m_CorrespondingSourceObject: {fileID: 0}
  m_PrefabInstance: {fileID: 0}
  m_PrefabAsset: {fileID: 0}
  m_GameObject: {fileID: 6243224599264232438}
  m_Enabled: 1
  m_CastShadows: 0
  m_ReceiveShadows: 0
  m_DynamicOccludee: 1
  m_MotionVectors: 1
  m_LightProbeUsage: 1
  m_ReflectionProbeUsage: 0
  m_RenderingLayerMask: 1
  m_RendererPriority: 0
  m_Materials:
  - {fileID: 2100000, guid: e50385ea1de56f945a477db8976d42db, type: 2}
  m_StaticBatchInfo:
    firstSubMesh: 0
    subMeshCount: 0
  m_StaticBatchRoot: {fileID: 0}
  m_ProbeAnchor: {fileID: 0}
  m_LightProbeVolumeOverride: {fileID: 0}
  m_ScaleInLightmap: 1
  m_PreserveUVs: 0
  m_IgnoreNormalsForChartDetection: 0
  m_ImportantGI: 0
  m_StitchLightmapSeams: 0
  m_SelectedEditorRenderState: 3
  m_MinimumChartSize: 4
  m_AutoUVMaxDistance: 0.5
  m_AutoUVMaxAngle: 89
  m_LightmapParameters: {fileID: 0}
  m_SortingLayerID: 0
  m_SortingLayer: 0
  m_SortingOrder: 3
--- !u!114 &3594064660519249856
MonoBehaviour:
  m_ObjectHideFlags: 0
  m_CorrespondingSourceObject: {fileID: 0}
  m_PrefabInstance: {fileID: 0}
  m_PrefabAsset: {fileID: 0}
  m_GameObject: {fileID: 6243224599264232438}
  m_Enabled: 1
  m_EditorHideFlags: 0
  m_Script: {fileID: 11500000, guid: 1874989c5e2da094ea00112c6a895694, type: 3}
  m_Name: 
  m_EditorClassIdentifier: 
--- !u!114 &3167532028473227264
MonoBehaviour:
  m_ObjectHideFlags: 0
  m_CorrespondingSourceObject: {fileID: 0}
  m_PrefabInstance: {fileID: 0}
  m_PrefabAsset: {fileID: 0}
  m_GameObject: {fileID: 6243224599264232438}
  m_Enabled: 1
  m_EditorHideFlags: 0
  m_Script: {fileID: 11500000, guid: 74efee4889073914b8ae070d65688ce4, type: 3}
  m_Name: 
  m_EditorClassIdentifier: 
  InitialOpacity: 1
--- !u!1 &6876817257573602166
GameObject:
  m_ObjectHideFlags: 0
  m_CorrespondingSourceObject: {fileID: 0}
  m_PrefabInstance: {fileID: 0}
  m_PrefabAsset: {fileID: 0}
  serializedVersion: 6
  m_Component:
  - component: {fileID: 7101676122044669457}
  - component: {fileID: 2410758386822427713}
  - component: {fileID: 8503685035368093883}
  - component: {fileID: 3658153214808297170}
  - component: {fileID: 8770079356966004088}
  m_Layer: 0
  m_Name: TempleBackground
  m_TagString: Untagged
  m_Icon: {fileID: 0}
  m_NavMeshLayer: 0
  m_StaticEditorFlags: 0
  m_IsActive: 1
--- !u!4 &7101676122044669457
Transform:
  m_ObjectHideFlags: 0
  m_CorrespondingSourceObject: {fileID: 0}
  m_PrefabInstance: {fileID: 0}
  m_PrefabAsset: {fileID: 0}
  m_GameObject: {fileID: 6876817257573602166}
  m_LocalRotation: {x: -0, y: -0, z: -0, w: 1}
  m_LocalPosition: {x: 0, y: 0, z: 0}
  m_LocalScale: {x: 1, y: 1, z: 1}
  m_Children: []
  m_Father: {fileID: 4517156163656098}
  m_RootOrder: 0
  m_LocalEulerAnglesHint: {x: 0, y: 0, z: 0}
--- !u!33 &2410758386822427713
MeshFilter:
  m_ObjectHideFlags: 0
  m_CorrespondingSourceObject: {fileID: 0}
  m_PrefabInstance: {fileID: 0}
  m_PrefabAsset: {fileID: 0}
  m_GameObject: {fileID: 6876817257573602166}
  m_Mesh: {fileID: 4300000, guid: 9493be8b5616b2f42bad0e32fe01aba1, type: 3}
--- !u!23 &8503685035368093883
MeshRenderer:
  m_ObjectHideFlags: 0
  m_CorrespondingSourceObject: {fileID: 0}
  m_PrefabInstance: {fileID: 0}
  m_PrefabAsset: {fileID: 0}
  m_GameObject: {fileID: 6876817257573602166}
  m_Enabled: 1
  m_CastShadows: 0
  m_ReceiveShadows: 0
  m_DynamicOccludee: 1
  m_MotionVectors: 1
  m_LightProbeUsage: 1
  m_ReflectionProbeUsage: 0
  m_RenderingLayerMask: 1
  m_RendererPriority: 0
  m_Materials:
  - {fileID: 2100000, guid: 2c86be87bd0a5fe49b8b7915faef0c26, type: 2}
  m_StaticBatchInfo:
    firstSubMesh: 0
    subMeshCount: 0
  m_StaticBatchRoot: {fileID: 0}
  m_ProbeAnchor: {fileID: 0}
  m_LightProbeVolumeOverride: {fileID: 0}
  m_ScaleInLightmap: 1
  m_PreserveUVs: 0
  m_IgnoreNormalsForChartDetection: 0
  m_ImportantGI: 0
  m_StitchLightmapSeams: 0
  m_SelectedEditorRenderState: 3
  m_MinimumChartSize: 4
  m_AutoUVMaxDistance: 0.5
  m_AutoUVMaxAngle: 89
  m_LightmapParameters: {fileID: 0}
  m_SortingLayerID: 0
  m_SortingLayer: 0
  m_SortingOrder: 0
--- !u!114 &3658153214808297170
MonoBehaviour:
  m_ObjectHideFlags: 0
  m_CorrespondingSourceObject: {fileID: 0}
  m_PrefabInstance: {fileID: 0}
  m_PrefabAsset: {fileID: 0}
  m_GameObject: {fileID: 6876817257573602166}
  m_Enabled: 1
  m_EditorHideFlags: 0
  m_Script: {fileID: 11500000, guid: 1874989c5e2da094ea00112c6a895694, type: 3}
  m_Name: 
  m_EditorClassIdentifier: 
--- !u!114 &8770079356966004088
MonoBehaviour:
  m_ObjectHideFlags: 0
  m_CorrespondingSourceObject: {fileID: 0}
  m_PrefabInstance: {fileID: 0}
  m_PrefabAsset: {fileID: 0}
  m_GameObject: {fileID: 6876817257573602166}
  m_Enabled: 1
  m_EditorHideFlags: 0
  m_Script: {fileID: 11500000, guid: 74efee4889073914b8ae070d65688ce4, type: 3}
  m_Name: 
  m_EditorClassIdentifier: 
  InitialOpacity: 1
